{
    "contentId": "qIOL3nKEUF7YICkgb0K7A",
    "categoryId": "28000",
    "categoryDisplayName": "Fruits & Vegetables",
    "layout": {
        "typeId": "categoryListingPageLayout",
        "sections": {
            "categoryNavigationSection": {
                "components": [
                    {
                        "componentId": "categoryNavigationComponent",
                        "contentId": "0P9584n3Iue3LIH9vw218",
                        "variantId": null,
                        "id": "0P9584n3Iue3LIH9vw218",
                        "data": {
                            "headline": null,
                            "navigation": {
                                "parentNode": {
                                    "displayName": "Food",
                                    "url": "/food/c/27985",
                                    "childNodes": null,
                                    "active": null
                                },
                                "displayName": "Fruits & Vegetables",
                                "url": "/food/fruits-vegetables/c/28000",
                                "childNodes": [
                                    {
                                        "displayName": "Fresh Fruits",
                                        "url": "/food/fruits-vegetables/fresh-fruits/c/28194",
                                        "childNodes": [
                                            {
                                                "displayName": "See All",
                                                "url": "/food/fruits-vegetables/fresh-fruits/c/28194",
                                                "childNodes": null,
                                                "active": null
                                            },
                                            {
                                                "displayName": "Mango, Pineapple & Kiwi",
                                                "url": "/food/fruits-vegetables/fresh-fruits/mango-pineapple-kiwi/c/29592",
                                                "childNodes": null,
                                                "active": null
                                            },
                                            {
                                                "displayName": "Pears",
                                                "url": "/food/fruits-vegetables/fresh-fruits/pears/c/29603",
                                                "childNodes": null,
                                                "active": null
                                            },
                                            {
                                                "displayName": "Apples",
                                                "url": "/food/fruits-vegetables/fresh-fruits/apples/c/29722",
                                                "childNodes": null,
                                                "active": null
                                            },
                                            {
                                                "displayName": "Avocado & Tropical Fruits",
                                                "url": "/food/fruits-vegetables/fresh-fruits/avocado-tropical-fruits/c/29723",
                                                "childNodes": null,
                                                "active": null
                                            },
                                            {
                                                "displayName": "Bananas",
                                                "url": "/food/fruits-vegetables/fresh-fruits/bananas/c/29724",
                                                "childNodes": null,
                                                "active": null
                                            },
                                            {
                                                "displayName": "Berries & Cherries",
                                                "url": "/food/fruits-vegetables/fresh-fruits/berries-cherries/c/29725",
                                                "childNodes": null,
                                                "active": null
                                            },
                                            {
                                                "displayName": "Lemons & Limes",
                                                "url": "/food/fruits-vegetables/fresh-fruits/lemons-limes/c/29726",
                                                "childNodes": null,
                                                "active": null
                                            },
                                            {
                                                "displayName": "Oranges & Citrus",
                                                "url": "/food/fruits-vegetables/fresh-fruits/oranges-citrus/c/29727",
                                                "childNodes": null,
                                                "active": null
                                            },
                                            {
                                                "displayName": "Grapes",
                                                "url": "/food/fruits-vegetables/fresh-fruits/grapes/c/29728",
                                                "childNodes": null,
                                                "active": null
                                            },
                                            {
                                                "displayName": "Watermelons & Melons",
                                                "url": "/food/fruits-vegetables/fresh-fruits/watermelons-melons/c/29729",
                                                "childNodes": null,
                                                "active": null
                                            },
                                            {
                                                "displayName": "Peach, Plum & Nectarines",
                                                "url": "/food/fruits-vegetables/fresh-fruits/peach-plum-nectarines/c/29730",
                                                "childNodes": null,
                                                "active": null
                                            }
                                        ],
                                        "active": null
                                    },
                                    {
                                        "displayName": "Fresh Vegetables",
                                        "url": "/food/fruits-vegetables/fresh-vegetables/c/28195",
                                        "childNodes": [
                                            {
                                                "displayName": "See All",
                                                "url": "/food/fruits-vegetables/fresh-vegetables/c/28195",
                                                "childNodes": null,
                                                "active": null
                                            },
                                            {
                                                "displayName": "Carrots, Radish & Root Vegetables",
                                                "url": "/food/fruits-vegetables/fresh-vegetables/carrots-radish-root-vegetables/c/29593",
                                                "childNodes": null,
                                                "active": null
                                            },
                                            {
                                                "displayName": "Ginger & Garlic",
                                                "url": "/food/fruits-vegetables/fresh-vegetables/ginger-garlic/c/29594",
                                                "childNodes": null,
                                                "active": null
                                            },
                                            {
                                                "displayName": "Squash & Pumpkin",
                                                "url": "/food/fruits-vegetables/fresh-vegetables/squash-pumpkin/c/29595",
                                                "childNodes": null,
                                                "active": null
                                            },
                                            {
                                                "displayName": "Asparagus, Artichokes & Rapini",
                                                "url": "/food/fruits-vegetables/fresh-vegetables/asparagus-artichokes-rapini/c/29596",
                                                "childNodes": null,
                                                "active": null
                                            },
                                            {
                                                "displayName": "Peas, Beans & Corn",
                                                "url": "/food/fruits-vegetables/fresh-vegetables/peas-beans-corn/c/29597",
                                                "childNodes": null,
                                                "active": null
                                            },
                                            {
                                                "displayName": "International & Specialty Vegetables",
                                                "url": "/food/fruits-vegetables/fresh-vegetables/international-specialty-vegetables/c/29598",
                                                "childNodes": null,
                                                "active": null
                                            },
                                            {
                                                "displayName": "Broccoli, Cabbage & Cauliflower",
                                                "url": "/food/fruits-vegetables/fresh-vegetables/broccoli-cabbage-cauliflower/c/29611",
                                                "childNodes": null,
                                                "active": null
                                            },
                                            {
                                                "displayName": "Lettuce & Leafy Vegetables",
                                                "url": "/food/fruits-vegetables/fresh-vegetables/lettuce-leafy-vegetables/c/29612",
                                                "childNodes": null,
                                                "active": null
                                            },
                                            {
                                                "displayName": "Tomatoes & Peppers",
                                                "url": "/food/fruits-vegetables/fresh-vegetables/tomatoes-peppers/c/29613",
                                                "childNodes": null,
                                                "active": null
                                            },
                                            {
                                                "displayName": "Mushrooms",
                                                "url": "/food/fruits-vegetables/fresh-vegetables/mushrooms/c/29614",
                                                "childNodes": null,
                                                "active": null
                                            },
                                            {
                                                "displayName": "Cucumber, Celery & Leeks",
                                                "url": "/food/fruits-vegetables/fresh-vegetables/cucumber-celery-leeks/c/29615",
                                                "childNodes": null,
                                                "active": null
                                            },
                                            {
                                                "displayName": "Eggplant & Zucchini",
                                                "url": "/food/fruits-vegetables/fresh-vegetables/eggplant-zucchini/c/29616",
                                                "childNodes": null,
                                                "active": null
                                            },
                                            {
                                                "displayName": "Potatos & Onions",
                                                "url": "/food/fruits-vegetables/fresh-vegetables/potatos-onions/c/29617",
                                                "childNodes": null,
                                                "active": null
                                            }
                                        ],
                                        "active": null
                                    },
                                    {
                                        "displayName": "Packaged Salad & Dressing",
                                        "url": "/food/fruits-vegetables/packaged-salad-dressing/c/28196",
                                        "childNodes": [
                                            {
                                                "displayName": "See All",
                                                "url": "/food/fruits-vegetables/packaged-salad-dressing/c/28196",
                                                "childNodes": null,
                                                "active": null
                                            },
                                            {
                                                "displayName": "Packaged Salad",
                                                "url": "/food/fruits-vegetables/packaged-salad-dressing/packaged-salad/c/29601",
                                                "childNodes": null,
                                                "active": null
                                            },
                                            {
                                                "displayName": "Fresh Salad",
                                                "url": "/food/fruits-vegetables/packaged-salad-dressing/fresh-salad/c/29602",
                                                "childNodes": null,
                                                "active": null
                                            },
                                            {
                                                "displayName": "Dips & Dressing",
                                                "url": "/food/fruits-vegetables/packaged-salad-dressing/dips-dressing/c/29605",
                                                "childNodes": null,
                                                "active": null
                                            }
                                        ],
                                        "active": null
                                    },
                                    {
                                        "displayName": "Herbs",
                                        "url": "/food/fruits-vegetables/herbs/c/28197",
                                        "childNodes": [
                                            {
                                                "displayName": "See All",
                                                "url": "/food/fruits-vegetables/herbs/c/28197",
                                                "childNodes": null,
                                                "active": null
                                            }
                                        ],
                                        "active": null
                                    },
                                    {
                                        "displayName": "Fresh Cut Fruits & Vegetables",
                                        "url": "/food/fruits-vegetables/fresh-cut-fruits-vegetables/c/28198",
                                        "childNodes": [
                                            {
                                                "displayName": "See All",
                                                "url": "/food/fruits-vegetables/fresh-cut-fruits-vegetables/c/28198",
                                                "childNodes": null,
                                                "active": null
                                            },
                                            {
                                                "displayName": "Fresh Cut Fruits",
                                                "url": "/food/fruits-vegetables/fresh-cut-fruits-vegetables/fresh-cut-fruits/c/29599",
                                                "childNodes": null,
                                                "active": null
                                            },
                                            {
                                                "displayName": "Fresh Cut Vegetables",
                                                "url": "/food/fruits-vegetables/fresh-cut-fruits-vegetables/fresh-cut-vegetables/c/29600",
                                                "childNodes": null,
                                                "active": null
                                            }
                                        ],
                                        "active": null
                                    },
                                    {
                                        "displayName": "Dried Fruits & Nuts",
                                        "url": "/food/fruits-vegetables/dried-fruits-nuts/c/28199",
                                        "childNodes": [
                                            {
                                                "displayName": "See All",
                                                "url": "/food/fruits-vegetables/dried-fruits-nuts/c/28199",
                                                "childNodes": null,
                                                "active": null
                                            },
                                            {
                                                "displayName": "Dried Fruits",
                                                "url": "/food/fruits-vegetables/dried-fruits-nuts/dried-fruits/c/29609",
                                                "childNodes": null,
                                                "active": null
                                            },
                                            {
                                                "displayName": "Dried Nuts",
                                                "url": "/food/fruits-vegetables/dried-fruits-nuts/dried-nuts/c/29610",
                                                "childNodes": null,
                                                "active": null
                                            }
                                        ],
                                        "active": null
                                    },
                                    {
                                        "displayName": "Fresh Juice & Smoothies",
                                        "url": "/food/fruits-vegetables/fresh-juice-smoothies/c/28200",
                                        "childNodes": [
                                            {
                                                "displayName": "See All",
                                                "url": "/food/fruits-vegetables/fresh-juice-smoothies/c/28200",
                                                "childNodes": null,
                                                "active": null
                                            },
                                            {
                                                "displayName": "Smoothies",
                                                "url": "/food/fruits-vegetables/fresh-juice-smoothies/smoothies/c/29606",
                                                "childNodes": null,
                                                "active": null
                                            },
                                            {
                                                "displayName": "Juice",
                                                "url": "/food/fruits-vegetables/fresh-juice-smoothies/juice/c/29607",
                                                "childNodes": null,
                                                "active": null
                                            },
                                            {
                                                "displayName": "Apple Cider",
                                                "url": "/food/fruits-vegetables/fresh-juice-smoothies/apple-cider/c/29608",
                                                "childNodes": null,
                                                "active": null
                                            }
                                        ],
                                        "active": null
                                    },
                                    {
                                        "displayName": "In-Store Salads",
                                        "url": "/food/fruits-vegetables/in-store-salads/c/59222",
                                        "childNodes": [
                                            {
                                                "displayName": "See All",
                                                "url": "/food/fruits-vegetables/in-store-salads/c/59222",
                                                "childNodes": null,
                                                "active": null
                                            }
                                        ],
                                        "active": null
                                    }
                                ]
                            }
                        }
                    }
                ]
            },
            "bottomLeftAdSection": {
                "components": [
                    {
                        "componentId": "mediaAdComponent",
                        "contentId": "6ynYUFcn0j7dQkv1lsP2w6",
                        "variantId": null,
                        "id": "6ynYUFcn0j7dQkv1lsP2w6",
                        "data": {
                            "alignment": null,
                            "adConfiguration": {
                                "slot": "/21915145997/loblaws-ca/27985/28000",
                                "lazyLoad": true,
                                "refreshTimer": 0,
                                "sizeList": {
                                    "web": {
                                        "mobile": [
                                            [
                                                0.0,
                                                0.0
                                            ],
                                            [
                                                [
                                                    1.0,
                                                    1.0
                                                ],
                                                [
                                                    300.0,
                                                    250.0
                                                ],
                                                [
                                                    300.0,
                                                    600.0
                                                ],
                                                [
                                                    160.0,
                                                    600.0
                                                ]
                                            ]
                                        ],
                                        "tablet": [
                                            [
                                                768.0,
                                                0.0
                                            ],
                                            [
                                                [
                                                    1.0,
                                                    1.0
                                                ],
                                                [
                                                    300.0,
                                                    250.0
                                                ],
                                                [
                                                    300.0,
                                                    600.0
                                                ],
                                                [
                                                    160.0,
                                                    600.0
                                                ]
                                            ]
                                        ],
                                        "desktop": [
                                            [
                                                1200.0,
                                                0.0
                                            ],
                                            [
                                                [
                                                    1.0,
                                                    1.0
                                                ],
                                                [
                                                    300.0,
                                                    250.0
                                                ],
                                                [
                                                    300.0,
                                                    600.0
                                                ],
                                                [
                                                    160.0,
                                                    600.0
                                                ]
                                            ]
                                        ]
                                    }
                                },
                                "placementType": "clp",
                                "categoryList": "27985/28000",
                                "position": "CPT",
                                "referrer": null,
                                "shoppingType": "{{shoppingType}}",
                                "brand": null,
                                "productCode": null,
                                "nav": "jf",
                                "forecasting": false,
                                "lazyLoadingTriggerThreshold": 0,
                                "modalDetails": [],
                                "searchTerm": null
                            }
                        }
                    }
                ]
            },
            "topAdSection": {
                "components": [
                    {
                        "componentId": "mediaAdComponent",
                        "contentId": "3cxPiDP9GLbQ8EthXCcHsI",
                        "variantId": null,
                        "id": "3cxPiDP9GLbQ8EthXCcHsI",
                        "data": {
                            "alignment": null,
                            "adConfiguration": {
                                "slot": "/21915145997/loblaws-ca/27985/28000",
                                "lazyLoad": false,
                                "refreshTimer": 0,
                                "sizeList": {
                                    "app": [
                                        {
                                            "type": "banner",
                                            "width": "320",
                                            "height": "50"
                                        },
                                        {
                                            "type": "leaderboard",
                                            "width": "728",
                                            "height": "90"
                                        }
                                    ],
                                    "web": {
                                        "mobile": [
                                            [
                                                0.0,
                                                0.0
                                            ],
                                            [
                                                [
                                                    1.0,
                                                    1.0
                                                ],
                                                [
                                                    320.0,
                                                    50.0
                                                ]
                                            ]
                                        ],
                                        "tablet": [
                                            [
                                                768.0,
                                                0.0
                                            ],
                                            [
                                                [
                                                    1.0,
                                                    1.0
                                                ],
                                                [
                                                    728.0,
                                                    90.0
                                                ]
                                            ]
                                        ],
                                        "desktop": [
                                            [
                                                1200.0,
                                                0.0
                                            ],
                                            [
                                                [
                                                    1.0,
                                                    1.0
                                                ],
                                                [
                                                    970.0,
                                                    250.0
                                                ],
                                                [
                                                    728.0,
                                                    90.0
                                                ]
                                            ]
                                        ]
                                    }
                                },
                                "placementType": "clp",
                                "categoryList": "27985/28000",
                                "position": "1",
                                "referrer": null,
                                "shoppingType": "{{shoppingType}}",
                                "brand": null,
                                "productCode": null,
                                "nav": "jf",
                                "forecasting": false,
                                "lazyLoadingTriggerThreshold": 0,
                                "modalDetails": [],
                                "searchTerm": null
                            }
                        }
                    }
                ]
            },
            "headlineSection": {
                "components": [
                    {
                        "componentId": "breadcrumbsComponent",
                        "contentId": "oVSmVJh0kytkTUbNgF6al",
                        "variantId": null,
                        "id": "oVSmVJh0kytkTUbNgF6al",
                        "data": {
                            "breadcrumbs": [
                                {
                                    "text": "Food",
                                    "url": "/food/c/27985"
                                },
                                {
                                    "text": "Fruits & Vegetables",
                                    "url": null
                                }
                            ]
                        }
                    },
                    {
                        "componentId": "headlineComponent",
                        "contentId": "7xNExxA2jJO9zkMTBblUoD",
                        "variantId": null,
                        "id": "7xNExxA2jJO9zkMTBblUoD",
                        "data": {
                            "displayText1": "Fruits & Vegetables",
                            "disclaimerText": "Prices are subject to change based on offers available at pickup time. Your total and receipt will reflect any changes."
                        }
                    }
                ]
            },
            "mainContentCollection": {
                "components": [
                    {
                        "componentId": "headerGroupComponent",
                        "contentId": "QaNNeuohNmVLBzHDNusmz",
                        "variantId": null,
                        "id": "QaNNeuohNmVLBzHDNusmz",
                        "data": {
                            "paragraph": null,
                            "callToAction": null,
                            "headline": {
                                "text": "Fresh Promise. If it's not fresh, it's free.*",
                                "alignment": "LEFT",
                                "variantId": "MEDIUM_03",
                                "headerType": "H1",
                                "callToAction": null
                            },
                            "desktopImage": null,
                            "mobileImage": null,
                            "tabletImage": null
                        }
                    },
                    {
                        "componentId": "productCarouselComponent",
                        "contentId": "mHPiKdGS9fInmozkut3um",
                        "variantId": null,
                        "id": "mHPiKdGS9fInmozkut3um",
                        "data": {
                            "headline": "Jump into flavour with fresh summer produce",
                            "isSponsored": false,
                            "callToAction": null,
                            "headerGroup": null,
                            "productTiles": [
                                {
                                    "index": 1,
                                    "productId": "20503017001_EA",
                                    "productImage": [
                                        {
                                            "imageUrl": "https://assets.shop.loblaws.ca/products/20503017001/b2/en/front/20503017001_front_a06_@2.png",
                                            "smallUrl": "https://assets.shop.loblaws.ca/products/20503017001/b1/en/front/20503017001_front_a01_@2.png",
                                            "mediumUrl": "https://assets.shop.loblaws.ca/products/20503017001/b3/en/front/20503017001_front_a06_@2.png",
                                            "largeUrl": "https://assets.shop.loblaws.ca/products/20503017001/b2/en/front/20503017001_front_a06_@2.png",
                                            "smallRetinaUrl": "https://assets.shop.loblaws.ca/products/20503017001/b1/en/front/20503017001_front_a01_@2.png",
                                            "mediumRetinaUrl": "https://assets.shop.loblaws.ca/products/20503017001/b3/en/front/20503017001_front_a06_@2.png",
                                            "largeRetinaUrl": "https://assets.shop.loblaws.ca/products/20503017001/b2/en/front/20503017001_front_a06_@2.png"
                                        }
                                    ],
                                    "brand": null,
                                    "title": "Strawberry Quart",
                                    "description": "Strawberries vary in colour, shape, and size but their flavour is distinctively sweet. They are topped with a hull of green leaves and are speckled with seeds on the surface. Enjoy yours in classic desserts like strawberry shortcake and strawberry-rhubarb pie, or add them to your next spinach salad with some crumbled goat cheese .",
                                    "packageSizing": "517 g, $0.97/100g",
                                    "pricing": {
                                        "price": "4.99",
                                        "wasPrice": null,
                                        "displayPrice": "$4.99",
                                        "memberOnlyPrice": null,
                                        "mopDisplayPrice": null
                                    },
                                    "pricingUnits": {
                                        "type": "SOLD_BY_EACH",
                                        "unit": "ea",
                                        "interval": 1,
                                        "minOrderQuantity": 1,
                                        "maxOrderQuantity": 25,
                                        "weighted": false
                                    },
                                    "deal": null,
                                    "mopDeal": null,
                                    "pcoDeal": null,
                                    "inventoryIndicator": {
                                        "indicatorId": "OUT",
                                        "text": "Out of Stock"
                                    },
                                    "offerType": "OG",
                                    "offerId": "OG",
                                    "action": null,
                                    "isVariant": false,
                                    "link": "/strawberry-quart/p/20503017001_EA",
                                    "productVendor": null,
                                    "productVariant": null,
                                    "textBadge": "out-of-stock",
                                    "variantTheme": null,
                                    "articleNumber": "20503017001",
                                    "uom": "EA",
                                    "sponsoredCreative": null,
                                    "isSponsored": false,
                                    "isComplementarySponsored": false,
                                    "complementarySponsoredBadgeText": null,
                                    "productBadge": null
                                },
                                {
                                    "index": 2,
                                    "productId": "20826568001_EA",
                                    "productImage": [
                                        {
                                            "imageUrl": "https://assets.shop.loblaws.ca/products/20826568001/b2/en/front/20826568001_front_a06_@2.png",
                                            "smallUrl": "https://assets.shop.loblaws.ca/products/20826568001/b1/en/front/20826568001_front_a01_@2.png",
                                            "mediumUrl": "https://assets.shop.loblaws.ca/products/20826568001/b3/en/front/20826568001_front_a06_@2.png",
                                            "largeUrl": "https://assets.shop.loblaws.ca/products/20826568001/b2/en/front/20826568001_front_a06_@2.png",
                                            "smallRetinaUrl": "https://assets.shop.loblaws.ca/products/20826568001/b1/en/front/20826568001_front_a01_@2.png",
                                            "mediumRetinaUrl": "https://assets.shop.loblaws.ca/products/20826568001/b3/en/front/20826568001_front_a06_@2.png",
                                            "largeRetinaUrl": "https://assets.shop.loblaws.ca/products/20826568001/b2/en/front/20826568001_front_a06_@2.png"
                                        },
                                        {
                                            "imageUrl": "https://assets.shop.loblaws.ca/products/20826568001/b2/en/angle/20826568001_angle_a06_@2.png",
                                            "smallUrl": "https://assets.shop.loblaws.ca/products/20826568001/b1/en/angle/20826568001_angle_a01_@2.png",
                                            "mediumUrl": "https://assets.shop.loblaws.ca/products/20826568001/b3/en/angle/20826568001_angle_a06_@2.png",
                                            "largeUrl": "https://assets.shop.loblaws.ca/products/20826568001/b2/en/angle/20826568001_angle_a06_@2.png",
                                            "smallRetinaUrl": "https://assets.shop.loblaws.ca/products/20826568001/b1/en/angle/20826568001_angle_a01_@2.png",
                                            "mediumRetinaUrl": "https://assets.shop.loblaws.ca/products/20826568001/b3/en/angle/20826568001_angle_a06_@2.png",
                                            "largeRetinaUrl": "https://assets.shop.loblaws.ca/products/20826568001/b2/en/angle/20826568001_angle_a06_@2.png"
                                        }
                                    ],
                                    "brand": "Farmer's Market",
                                    "title": "Peaches ",
                                    "description": "<p>Packaging may differ by region.</p><p>Peaches range in colour from pinkish-white to reddish-yellow and their flavour can be tart or sweet. If you don't like their fuzzy skin, you can easily peel peaches by blanching them in boiling water for about 30 seconds and then plunging them into ice water. Enjoy peaches as a snack, in a pie, or grilled with prosciutto.</p>",
                                    "packageSizing": "3 l, $0.30/100ml",
                                    "pricing": {
                                        "price": "8.99",
                                        "wasPrice": null,
                                        "displayPrice": "$8.99",
                                        "memberOnlyPrice": null,
                                        "mopDisplayPrice": null
                                    },
                                    "pricingUnits": {
                                        "type": "SOLD_BY_EACH",
                                        "unit": "ea",
                                        "interval": 1,
                                        "minOrderQuantity": 1,
                                        "maxOrderQuantity": 25,
                                        "weighted": false
                                    },
                                    "deal": null,
                                    "mopDeal": null,
                                    "pcoDeal": null,
                                    "inventoryIndicator": null,
                                    "offerType": "OG",
                                    "offerId": "OG",
                                    "action": null,
                                    "isVariant": false,
                                    "link": "/peaches/p/20826568001_EA",
                                    "productVendor": null,
                                    "productVariant": null,
                                    "textBadge": "",
                                    "variantTheme": null,
                                    "articleNumber": "20826568001",
                                    "uom": "EA",
                                    "sponsoredCreative": null,
                                    "isSponsored": false,
                                    "isComplementarySponsored": false,
                                    "complementarySponsoredBadgeText": null,
                                    "productBadge": null
                                },
                                {
                                    "index": 3,
                                    "productId": "20905336001_EA",
                                    "productImage": [
                                        {
                                            "imageUrl": "https://assets.shop.loblaws.ca/products/20905336001/b2/en/front/20905336001_front_a06_@2.png",
                                            "smallUrl": "https://assets.shop.loblaws.ca/products/20905336001/b1/en/front/20905336001_front_a01_@2.png",
                                            "mediumUrl": "https://assets.shop.loblaws.ca/products/20905336001/b3/en/front/20905336001_front_a06_@2.png",
                                            "largeUrl": "https://assets.shop.loblaws.ca/products/20905336001/b2/en/front/20905336001_front_a06_@2.png",
                                            "smallRetinaUrl": "https://assets.shop.loblaws.ca/products/20905336001/b1/en/front/20905336001_front_a01_@2.png",
                                            "mediumRetinaUrl": "https://assets.shop.loblaws.ca/products/20905336001/b3/en/front/20905336001_front_a06_@2.png",
                                            "largeRetinaUrl": "https://assets.shop.loblaws.ca/products/20905336001/b2/en/front/20905336001_front_a06_@2.png"
                                        },
                                        {
                                            "imageUrl": "https://assets.shop.loblaws.ca/products/20905336001/b2/en/angle/20905336001_angle_a06_@2.png",
                                            "smallUrl": "https://assets.shop.loblaws.ca/products/20905336001/b1/en/angle/20905336001_angle_a01_@2.png",
                                            "mediumUrl": "https://assets.shop.loblaws.ca/products/20905336001/b3/en/angle/20905336001_angle_a06_@2.png",
                                            "largeUrl": "https://assets.shop.loblaws.ca/products/20905336001/b2/en/angle/20905336001_angle_a06_@2.png",
                                            "smallRetinaUrl": "https://assets.shop.loblaws.ca/products/20905336001/b1/en/angle/20905336001_angle_a01_@2.png",
                                            "mediumRetinaUrl": "https://assets.shop.loblaws.ca/products/20905336001/b3/en/angle/20905336001_angle_a06_@2.png",
                                            "largeRetinaUrl": "https://assets.shop.loblaws.ca/products/20905336001/b2/en/angle/20905336001_angle_a06_@2.png"
                                        }
                                    ],
                                    "brand": "Farmer's Market",
                                    "title": "Nectarine",
                                    "description": "<p>Packaging may differ by region.</p><p>Nectarines are fragrant and brightly coloured fruit with smooth skin and a firmer flesh than the peach. Nectarines become sweeter as they ripen so avoid those that are too hard or overly green. They are perfect on salads and baked in pies, or grill nectarine halves and serve with ice cream.</p>",
                                    "packageSizing": "2 l, $0.45/100ml",
                                    "pricing": {
                                        "price": "8.99",
                                        "wasPrice": null,
                                        "displayPrice": "$8.99",
                                        "memberOnlyPrice": null,
                                        "mopDisplayPrice": null
                                    },
                                    "pricingUnits": {
                                        "type": "SOLD_BY_EACH",
                                        "unit": "ea",
                                        "interval": 1,
                                        "minOrderQuantity": 1,
                                        "maxOrderQuantity": 25,
                                        "weighted": false
                                    },
                                    "deal": null,
                                    "mopDeal": null,
                                    "pcoDeal": null,
                                    "inventoryIndicator": null,
                                    "offerType": "OG",
                                    "offerId": "OG",
                                    "action": null,
                                    "isVariant": false,
                                    "link": "/nectarine/p/20905336001_EA",
                                    "productVendor": null,
                                    "productVariant": null,
                                    "textBadge": "",
                                    "variantTheme": null,
                                    "articleNumber": "20905336001",
                                    "uom": "EA",
                                    "sponsoredCreative": null,
                                    "isSponsored": false,
                                    "isComplementarySponsored": false,
                                    "complementarySponsoredBadgeText": null,
                                    "productBadge": null
                                },
                                {
                                    "index": 4,
                                    "productId": "20067326001_EA",
                                    "productImage": [
                                        {
                                            "imageUrl": "https://assets.shop.loblaws.ca/products/20067326001/b2/en/front/20067326001_front_a06_@2.png",
                                            "smallUrl": "https://assets.shop.loblaws.ca/products/20067326001/b1/en/front/20067326001_front_a01_@2.png",
                                            "mediumUrl": "https://assets.shop.loblaws.ca/products/20067326001/b3/en/front/20067326001_front_a06_@2.png",
                                            "largeUrl": "https://assets.shop.loblaws.ca/products/20067326001/b2/en/front/20067326001_front_a06_@2.png",
                                            "smallRetinaUrl": "https://assets.shop.loblaws.ca/products/20067326001/b1/en/front/20067326001_front_a01_@2.png",
                                            "mediumRetinaUrl": "https://assets.shop.loblaws.ca/products/20067326001/b3/en/front/20067326001_front_a06_@2.png",
                                            "largeRetinaUrl": "https://assets.shop.loblaws.ca/products/20067326001/b2/en/front/20067326001_front_a06_@2.png"
                                        }
                                    ],
                                    "brand": null,
                                    "title": "Red Seedless Watermelon",
                                    "description": "Average weight is 11 lb.<br>Watermelons come in a variety of shapes and colours, either with seeds or not. They are all sweet and juicy with a crisp flesh and watery texture. Sliced watermelon tastes great on its own, or you can toss watermelon cubes with some feta cheese and fresh mint for a summer salad.",
                                    "packageSizing": "1 ea, $6.99/1ea",
                                    "pricing": {
                                        "price": "6.99",
                                        "wasPrice": "$10.99",
                                        "displayPrice": "$6.99",
                                        "memberOnlyPrice": null,
                                        "mopDisplayPrice": null
                                    },
                                    "pricingUnits": {
                                        "type": "SOLD_BY_EACH",
                                        "unit": "ea",
                                        "interval": 1,
                                        "minOrderQuantity": 1,
                                        "maxOrderQuantity": 25,
                                        "weighted": false
                                    },
                                    "deal": {
                                        "type": "SALE",
                                        "text": "SAVE $4.00",
                                        "points": 0,
                                        "name": "SALE",
                                        "expiryDate": "2024-07-10T00:00:00Z",
                                        "dealPrice": null
                                    },
                                    "mopDeal": null,
                                    "pcoDeal": null,
                                    "inventoryIndicator": null,
                                    "offerType": "OG",
                                    "offerId": "OG",
                                    "action": null,
                                    "isVariant": false,
                                    "link": "/red-seedless-watermelon/p/20067326001_EA",
                                    "productVendor": null,
                                    "productVariant": null,
                                    "textBadge": "",
                                    "variantTheme": null,
                                    "articleNumber": "20067326001",
                                    "uom": "EA",
                                    "sponsoredCreative": null,
                                    "isSponsored": false,
                                    "isComplementarySponsored": false,
                                    "complementarySponsoredBadgeText": null,
                                    "productBadge": null
                                },
                                {
                                    "index": 5,
                                    "productId": "20348977001_EA",
                                    "productImage": [
                                        {
                                            "imageUrl": "https://assets.shop.loblaws.ca/products/20348977001/b2/en/front/20348977001_front_a06_@2.png",
                                            "smallUrl": "https://assets.shop.loblaws.ca/products/20348977001/b1/en/front/20348977001_front_a01_@2.png",
                                            "mediumUrl": "https://assets.shop.loblaws.ca/products/20348977001/b3/en/front/20348977001_front_a06_@2.png",
                                            "largeUrl": "https://assets.shop.loblaws.ca/products/20348977001/b2/en/front/20348977001_front_a06_@2.png",
                                            "smallRetinaUrl": "https://assets.shop.loblaws.ca/products/20348977001/b1/en/front/20348977001_front_a01_@2.png",
                                            "mediumRetinaUrl": "https://assets.shop.loblaws.ca/products/20348977001/b3/en/front/20348977001_front_a06_@2.png",
                                            "largeRetinaUrl": "https://assets.shop.loblaws.ca/products/20348977001/b2/en/front/20348977001_front_a06_@2.png"
                                        },
                                        {
                                            "imageUrl": "https://assets.shop.loblaws.ca/products/20348977001/b2/en/angle/20348977001_angle_a06_@2.png",
                                            "smallUrl": "https://assets.shop.loblaws.ca/products/20348977001/b1/en/angle/20348977001_angle_a01_@2.png",
                                            "mediumUrl": "https://assets.shop.loblaws.ca/products/20348977001/b3/en/angle/20348977001_angle_a06_@2.png",
                                            "largeUrl": "https://assets.shop.loblaws.ca/products/20348977001/b2/en/angle/20348977001_angle_a06_@2.png",
                                            "smallRetinaUrl": "https://assets.shop.loblaws.ca/products/20348977001/b1/en/angle/20348977001_angle_a01_@2.png",
                                            "mediumRetinaUrl": "https://assets.shop.loblaws.ca/products/20348977001/b3/en/angle/20348977001_angle_a06_@2.png",
                                            "largeRetinaUrl": "https://assets.shop.loblaws.ca/products/20348977001/b2/en/angle/20348977001_angle_a06_@2.png"
                                        }
                                    ],
                                    "brand": "Farmer's Market",
                                    "title": "Sweet Corn",
                                    "description": "<p><p>Enjoy a sweet taste and a tender texture with Sweet Corn. Boil or grill this sweet corn for a delicious taste. Serve it with butter, salt and pepper, and any other of your favourite seasonings.</p></p>",
                                    "packageSizing": "4 pack, $1.37/1ea",
                                    "pricing": {
                                        "price": "5.49",
                                        "wasPrice": null,
                                        "displayPrice": "$5.49",
                                        "memberOnlyPrice": null,
                                        "mopDisplayPrice": null
                                    },
                                    "pricingUnits": {
                                        "type": "SOLD_BY_EACH",
                                        "unit": "ea",
                                        "interval": 1,
                                        "minOrderQuantity": 1,
                                        "maxOrderQuantity": 25,
                                        "weighted": false
                                    },
                                    "deal": null,
                                    "mopDeal": null,
                                    "pcoDeal": null,
                                    "inventoryIndicator": null,
                                    "offerType": "OG",
                                    "offerId": "OG",
                                    "action": null,
                                    "isVariant": false,
                                    "link": "/sweet-corn/p/20348977001_EA",
                                    "productVendor": null,
                                    "productVariant": null,
                                    "textBadge": "",
                                    "variantTheme": null,
                                    "articleNumber": "20348977001",
                                    "uom": "EA",
                                    "sponsoredCreative": null,
                                    "isSponsored": false,
                                    "isComplementarySponsored": false,
                                    "complementarySponsoredBadgeText": null,
                                    "productBadge": null
                                },
                                {
                                    "index": 6,
                                    "productId": "20174581001_KG",
                                    "productImage": [
                                        {
                                            "imageUrl": "https://assets.shop.loblaws.ca/products/20174581001/b2/en/front/20174581001_front_a06_@2.png",
                                            "smallUrl": "https://assets.shop.loblaws.ca/products/20174581001/b1/en/front/20174581001_front_a01_@2.png",
                                            "mediumUrl": "https://assets.shop.loblaws.ca/products/20174581001/b3/en/front/20174581001_front_a06_@2.png",
                                            "largeUrl": "https://assets.shop.loblaws.ca/products/20174581001/b2/en/front/20174581001_front_a06_@2.png",
                                            "smallRetinaUrl": "https://assets.shop.loblaws.ca/products/20174581001/b1/en/front/20174581001_front_a01_@2.png",
                                            "mediumRetinaUrl": "https://assets.shop.loblaws.ca/products/20174581001/b3/en/front/20174581001_front_a06_@2.png",
                                            "largeRetinaUrl": "https://assets.shop.loblaws.ca/products/20174581001/b2/en/front/20174581001_front_a06_@2.png"
                                        }
                                    ],
                                    "brand": null,
                                    "title": "Asparagus",
                                    "description": "Asparagus stalks range in colour from green to purple, with dark green or purplish tips. Thickness is not a reliable indicator of tenderness, and asparagus is best enjoyed the day of purchase.",
                                    "packageSizing": "$15.41/1kg $6.99/1lb",
                                    "pricing": {
                                        "price": "9.09",
                                        "wasPrice": null,
                                        "displayPrice": "about $9.09",
                                        "memberOnlyPrice": null,
                                        "mopDisplayPrice": null
                                    },
                                    "pricingUnits": {
                                        "type": "SOLD_BY_EACH_PRICED_BY_WEIGHT",
                                        "unit": "ea",
                                        "interval": 1,
                                        "minOrderQuantity": 1,
                                        "maxOrderQuantity": 25,
                                        "weighted": false
                                    },
                                    "deal": null,
                                    "mopDeal": null,
                                    "pcoDeal": null,
                                    "inventoryIndicator": null,
                                    "offerType": "OG",
                                    "offerId": "OG",
                                    "action": null,
                                    "isVariant": false,
                                    "link": "/asparagus/p/20174581001_KG",
                                    "productVendor": null,
                                    "productVariant": null,
                                    "textBadge": "",
                                    "variantTheme": null,
                                    "articleNumber": "20174581001",
                                    "uom": "KG",
                                    "sponsoredCreative": null,
                                    "isSponsored": false,
                                    "isComplementarySponsored": false,
                                    "complementarySponsoredBadgeText": null,
                                    "productBadge": null
                                },
                                {
                                    "index": 7,
                                    "productId": "20099819001_EA",
                                    "productImage": [
                                        {
                                            "imageUrl": "https://assets.shop.loblaws.ca/products/20099819001/b2/en/front/20099819001_front_a06_@2.png",
                                            "smallUrl": "https://assets.shop.loblaws.ca/products/20099819001/b1/en/front/20099819001_front_a01_@2.png",
                                            "mediumUrl": "https://assets.shop.loblaws.ca/products/20099819001/b3/en/front/20099819001_front_a06_@2.png",
                                            "largeUrl": "https://assets.shop.loblaws.ca/products/20099819001/b2/en/front/20099819001_front_a06_@2.png",
                                            "smallRetinaUrl": "https://assets.shop.loblaws.ca/products/20099819001/b1/en/front/20099819001_front_a01_@2.png",
                                            "mediumRetinaUrl": "https://assets.shop.loblaws.ca/products/20099819001/b3/en/front/20099819001_front_a06_@2.png",
                                            "largeRetinaUrl": "https://assets.shop.loblaws.ca/products/20099819001/b2/en/front/20099819001_front_a06_@2.png"
                                        }
                                    ],
                                    "brand": "Farmer's Market",
                                    "title": "Mandarin Oranges, 2 lb bag",
                                    "description": null,
                                    "packageSizing": "907 g, $0.55/100g",
                                    "pricing": {
                                        "price": "4.99",
                                        "wasPrice": "$5.99",
                                        "displayPrice": "$4.99",
                                        "memberOnlyPrice": null,
                                        "mopDisplayPrice": null
                                    },
                                    "pricingUnits": {
                                        "type": "SOLD_BY_EACH",
                                        "unit": "ea",
                                        "interval": 1,
                                        "minOrderQuantity": 1,
                                        "maxOrderQuantity": 25,
                                        "weighted": false
                                    },
                                    "deal": {
                                        "type": "SALE",
                                        "text": "SAVE $1.00",
                                        "points": 0,
                                        "name": "SALE",
                                        "expiryDate": "2024-07-10T00:00:00Z",
                                        "dealPrice": null
                                    },
                                    "mopDeal": null,
                                    "pcoDeal": null,
                                    "inventoryIndicator": null,
                                    "offerType": "OG",
                                    "offerId": "OG",
                                    "action": null,
                                    "isVariant": false,
                                    "link": "/mandarin-oranges-2-lb-bag/p/20099819001_EA",
                                    "productVendor": null,
                                    "productVariant": null,
                                    "textBadge": "",
                                    "variantTheme": null,
                                    "articleNumber": "20099819001",
                                    "uom": "EA",
                                    "sponsoredCreative": null,
                                    "isSponsored": false,
                                    "isComplementarySponsored": false,
                                    "complementarySponsoredBadgeText": null,
                                    "productBadge": null
                                },
                                {
                                    "index": 8,
                                    "productId": "20159690001_KG",
                                    "productImage": [
                                        {
                                            "imageUrl": "https://assets.shop.loblaws.ca/products/20159690001/b2/en/front/20159690001_front_a06_@2.png",
                                            "smallUrl": "https://assets.shop.loblaws.ca/products/20159690001/b1/en/front/20159690001_front_a01_@2.png",
                                            "mediumUrl": "https://assets.shop.loblaws.ca/products/20159690001/b3/en/front/20159690001_front_a06_@2.png",
                                            "largeUrl": "https://assets.shop.loblaws.ca/products/20159690001/b2/en/front/20159690001_front_a06_@2.png",
                                            "smallRetinaUrl": "https://assets.shop.loblaws.ca/products/20159690001/b1/en/front/20159690001_front_a01_@2.png",
                                            "mediumRetinaUrl": "https://assets.shop.loblaws.ca/products/20159690001/b3/en/front/20159690001_front_a06_@2.png",
                                            "largeRetinaUrl": "https://assets.shop.loblaws.ca/products/20159690001/b2/en/front/20159690001_front_a06_@2.png"
                                        }
                                    ],
                                    "brand": null,
                                    "title": "Red Cherries",
                                    "description": "Cherries are firm, juicy, and sweet and turn from dark red to almost black when fully ripe. Cherries are excellent in salads and a classic choice for a freshly baked pie. You can also poach cherries to use as a topping for yogurt or waffles.",
                                    "packageSizing": "$5.38/1kg $2.44/1lb",
                                    "pricing": {
                                        "price": "4.79",
                                        "wasPrice": "$17.64",
                                        "displayPrice": "about $4.79",
                                        "memberOnlyPrice": null,
                                        "mopDisplayPrice": null
                                    },
                                    "pricingUnits": {
                                        "type": "SOLD_BY_EACH_PRICED_BY_WEIGHT",
                                        "unit": "ea",
                                        "interval": 1,
                                        "minOrderQuantity": 1,
                                        "maxOrderQuantity": 25,
                                        "weighted": false
                                    },
                                    "deal": {
                                        "type": "SALE",
                                        "text": "SAVE $12.85",
                                        "points": 0,
                                        "name": "SALE",
                                        "expiryDate": "2024-07-10T00:00:00Z",
                                        "dealPrice": null
                                    },
                                    "mopDeal": null,
                                    "pcoDeal": null,
                                    "inventoryIndicator": null,
                                    "offerType": "OG",
                                    "offerId": "OG",
                                    "action": null,
                                    "isVariant": false,
                                    "link": "/red-cherries/p/20159690001_KG",
                                    "productVendor": null,
                                    "productVariant": null,
                                    "textBadge": "",
                                    "variantTheme": null,
                                    "articleNumber": "20159690001",
                                    "uom": "KG",
                                    "sponsoredCreative": null,
                                    "isSponsored": false,
                                    "isComplementarySponsored": false,
                                    "complementarySponsoredBadgeText": null,
                                    "productBadge": null
                                },
                                {
                                    "index": 9,
                                    "productId": "21247148001_EA",
                                    "productImage": [
                                        {
                                            "imageUrl": "https://assets.shop.loblaws.ca/products/21247148001/b2/en/front/21247148001_front_a06_@2.png",
                                            "smallUrl": "https://assets.shop.loblaws.ca/products/21247148001/b1/en/front/21247148001_front_a01_@2.png",
                                            "mediumUrl": "https://assets.shop.loblaws.ca/products/21247148001/b3/en/front/21247148001_front_a06_@2.png",
                                            "largeUrl": "https://assets.shop.loblaws.ca/products/21247148001/b2/en/front/21247148001_front_a06_@2.png",
                                            "smallRetinaUrl": "https://assets.shop.loblaws.ca/products/21247148001/b1/en/front/21247148001_front_a01_@2.png",
                                            "mediumRetinaUrl": "https://assets.shop.loblaws.ca/products/21247148001/b3/en/front/21247148001_front_a06_@2.png",
                                            "largeRetinaUrl": "https://assets.shop.loblaws.ca/products/21247148001/b2/en/front/21247148001_front_a06_@2.png"
                                        }
                                    ],
                                    "brand": null,
                                    "title": "Flavor Bombs cherry tomatoes on the vine",
                                    "description": null,
                                    "packageSizing": "341 g, $2.05/100g",
                                    "pricing": {
                                        "price": "6.99",
                                        "wasPrice": null,
                                        "displayPrice": "$6.99",
                                        "memberOnlyPrice": null,
                                        "mopDisplayPrice": null
                                    },
                                    "pricingUnits": {
                                        "type": "SOLD_BY_EACH",
                                        "unit": "ea",
                                        "interval": 1,
                                        "minOrderQuantity": 1,
                                        "maxOrderQuantity": 25,
                                        "weighted": false
                                    },
                                    "deal": null,
                                    "mopDeal": null,
                                    "pcoDeal": null,
                                    "inventoryIndicator": null,
                                    "offerType": "OG",
                                    "offerId": "OG",
                                    "action": null,
                                    "isVariant": false,
                                    "link": "/flavor-bombs-cherry-tomatoes-on-the-vine/p/21247148001_EA",
                                    "productVendor": null,
                                    "productVariant": null,
                                    "textBadge": "",
                                    "variantTheme": null,
                                    "articleNumber": "21247148001",
                                    "uom": "EA",
                                    "sponsoredCreative": null,
                                    "isSponsored": false,
                                    "isComplementarySponsored": false,
                                    "complementarySponsoredBadgeText": null,
                                    "productBadge": null
                                },
                                {
                                    "index": 10,
                                    "productId": "21592940001_EA",
                                    "productImage": [
                                        {
                                            "imageUrl": "https://assets.shop.loblaws.ca/products/21592940001/b2/en/front/21592940001_front_a06_@2.png",
                                            "smallUrl": "https://assets.shop.loblaws.ca/products/21592940001/b1/en/front/21592940001_front_a01_@2.png",
                                            "mediumUrl": "https://assets.shop.loblaws.ca/products/21592940001/b3/en/front/21592940001_front_a06_@2.png",
                                            "largeUrl": "https://assets.shop.loblaws.ca/products/21592940001/b2/en/front/21592940001_front_a06_@2.png",
                                            "smallRetinaUrl": "https://assets.shop.loblaws.ca/products/21592940001/b1/en/front/21592940001_front_a01_@2.png",
                                            "mediumRetinaUrl": "https://assets.shop.loblaws.ca/products/21592940001/b3/en/front/21592940001_front_a06_@2.png",
                                            "largeRetinaUrl": "https://assets.shop.loblaws.ca/products/21592940001/b2/en/front/21592940001_front_a06_@2.png"
                                        }
                                    ],
                                    "brand": null,
                                    "title": "Savorries Cherry Tomatoes",
                                    "description": null,
                                    "packageSizing": "340 g, $1.76/100g",
                                    "pricing": {
                                        "price": "5.99",
                                        "wasPrice": null,
                                        "displayPrice": "$5.99",
                                        "memberOnlyPrice": null,
                                        "mopDisplayPrice": null
                                    },
                                    "pricingUnits": {
                                        "type": "SOLD_BY_EACH",
                                        "unit": "ea",
                                        "interval": 1,
                                        "minOrderQuantity": 1,
                                        "maxOrderQuantity": 25,
                                        "weighted": false
                                    },
                                    "deal": null,
                                    "mopDeal": null,
                                    "pcoDeal": null,
                                    "inventoryIndicator": null,
                                    "offerType": "OG",
                                    "offerId": "OG",
                                    "action": null,
                                    "isVariant": false,
                                    "link": "/savorries-cherry-tomatoes/p/21592940001_EA",
                                    "productVendor": null,
                                    "productVariant": null,
                                    "textBadge": "",
                                    "variantTheme": null,
                                    "articleNumber": "21592940001",
                                    "uom": "EA",
                                    "sponsoredCreative": null,
                                    "isSponsored": false,
                                    "isComplementarySponsored": false,
                                    "complementarySponsoredBadgeText": null,
                                    "productBadge": {
                                        "badgeId": "NEW",
                                        "badgeClass": null,
                                        "text": "New"
                                    }
                                },
                                {
                                    "index": 11,
                                    "productId": "20070132001_EA",
                                    "productImage": [
                                        {
                                            "imageUrl": "https://assets.shop.loblaws.ca/products/20070132001/b2/en/front/20070132001_front_a06_@2.png",
                                            "smallUrl": "https://assets.shop.loblaws.ca/products/20070132001/b1/en/front/20070132001_front_a01_@2.png",
                                            "mediumUrl": "https://assets.shop.loblaws.ca/products/20070132001/b3/en/front/20070132001_front_a06_@2.png",
                                            "largeUrl": "https://assets.shop.loblaws.ca/products/20070132001/b2/en/front/20070132001_front_a06_@2.png",
                                            "smallRetinaUrl": "https://assets.shop.loblaws.ca/products/20070132001/b1/en/front/20070132001_front_a01_@2.png",
                                            "mediumRetinaUrl": "https://assets.shop.loblaws.ca/products/20070132001/b3/en/front/20070132001_front_a06_@2.png",
                                            "largeRetinaUrl": "https://assets.shop.loblaws.ca/products/20070132001/b2/en/front/20070132001_front_a06_@2.png"
                                        }
                                    ],
                                    "brand": null,
                                    "title": "English Cucumber",
                                    "description": "English (or hothouse) cucumbers are cylindrical green-skinned fruit with a crisp white flesh and edible seeds. English cucumbers are typically enjoyed raw and can be peeled or eaten with the skin on. Add sliced cucumber to your next vegetable platter or toss with mint and lemon juice for a refreshing salad.",
                                    "packageSizing": "1 ea, $1.99/1ea",
                                    "pricing": {
                                        "price": "1.99",
                                        "wasPrice": null,
                                        "displayPrice": "$1.99",
                                        "memberOnlyPrice": null,
                                        "mopDisplayPrice": null
                                    },
                                    "pricingUnits": {
                                        "type": "SOLD_BY_EACH",
                                        "unit": "ea",
                                        "interval": 1,
                                        "minOrderQuantity": 1,
                                        "maxOrderQuantity": 25,
                                        "weighted": false
                                    },
                                    "deal": null,
                                    "mopDeal": null,
                                    "pcoDeal": null,
                                    "inventoryIndicator": null,
                                    "offerType": "OG",
                                    "offerId": "OG",
                                    "action": null,
                                    "isVariant": false,
                                    "link": "/english-cucumber/p/20070132001_EA",
                                    "productVendor": null,
                                    "productVariant": null,
                                    "textBadge": "",
                                    "variantTheme": null,
                                    "articleNumber": "20070132001",
                                    "uom": "EA",
                                    "sponsoredCreative": null,
                                    "isSponsored": false,
                                    "isComplementarySponsored": false,
                                    "complementarySponsoredBadgeText": null,
                                    "productBadge": null
                                },
                                {
                                    "index": 12,
                                    "productId": "20135377001_EA",
                                    "productImage": [
                                        {
                                            "imageUrl": "https://assets.shop.loblaws.ca/products/20135377001/b2/en/front/20135377001_front_a06_@2.png",
                                            "smallUrl": "https://assets.shop.loblaws.ca/products/20135377001/b1/en/front/20135377001_front_a01_@2.png",
                                            "mediumUrl": "https://assets.shop.loblaws.ca/products/20135377001/b3/en/front/20135377001_front_a06_@2.png",
                                            "largeUrl": "https://assets.shop.loblaws.ca/products/20135377001/b2/en/front/20135377001_front_a06_@2.png",
                                            "smallRetinaUrl": "https://assets.shop.loblaws.ca/products/20135377001/b1/en/front/20135377001_front_a01_@2.png",
                                            "mediumRetinaUrl": "https://assets.shop.loblaws.ca/products/20135377001/b3/en/front/20135377001_front_a06_@2.png",
                                            "largeRetinaUrl": "https://assets.shop.loblaws.ca/products/20135377001/b2/en/front/20135377001_front_a06_@2.png"
                                        }
                                    ],
                                    "brand": null,
                                    "title": "Cauliflower",
                                    "description": "Cauliflower is a cruciferous vegetable that comes in a tight cluster of florets surrounded by crisp green leaves. It is normally white but also comes in green, purple, and orange. Add raw cauliflower florets to your next vegetable platter or roast and serve as a simple side dish with meat or fish.",
                                    "packageSizing": "1 ea, $4.99/1ea",
                                    "pricing": {
                                        "price": "4.99",
                                        "wasPrice": null,
                                        "displayPrice": "$4.99",
                                        "memberOnlyPrice": null,
                                        "mopDisplayPrice": null
                                    },
                                    "pricingUnits": {
                                        "type": "SOLD_BY_EACH",
                                        "unit": "ea",
                                        "interval": 1,
                                        "minOrderQuantity": 1,
                                        "maxOrderQuantity": 25,
                                        "weighted": false
                                    },
                                    "deal": null,
                                    "mopDeal": null,
                                    "pcoDeal": null,
                                    "inventoryIndicator": null,
                                    "offerType": "OG",
                                    "offerId": "OG",
                                    "action": null,
                                    "isVariant": false,
                                    "link": "/cauliflower/p/20135377001_EA",
                                    "productVendor": null,
                                    "productVariant": null,
                                    "textBadge": "",
                                    "variantTheme": null,
                                    "articleNumber": "20135377001",
                                    "uom": "EA",
                                    "sponsoredCreative": null,
                                    "isSponsored": false,
                                    "isComplementarySponsored": false,
                                    "complementarySponsoredBadgeText": null,
                                    "productBadge": null
                                },
                                {
                                    "index": 13,
                                    "productId": "21406494001_EA",
                                    "productImage": [
                                        {
                                            "imageUrl": "https://assets.shop.loblaws.ca/products/21406494001/b2/en/front/21406494001_front_a06_@2.png",
                                            "smallUrl": "https://assets.shop.loblaws.ca/products/21406494001/b1/en/front/21406494001_front_a01_@2.png",
                                            "mediumUrl": "https://assets.shop.loblaws.ca/products/21406494001/b3/en/front/21406494001_front_a06_@2.png",
                                            "largeUrl": "https://assets.shop.loblaws.ca/products/21406494001/b2/en/front/21406494001_front_a06_@2.png",
                                            "smallRetinaUrl": "https://assets.shop.loblaws.ca/products/21406494001/b1/en/front/21406494001_front_a01_@2.png",
                                            "mediumRetinaUrl": "https://assets.shop.loblaws.ca/products/21406494001/b3/en/front/21406494001_front_a06_@2.png",
                                            "largeRetinaUrl": "https://assets.shop.loblaws.ca/products/21406494001/b2/en/front/21406494001_front_a06_@2.png"
                                        }
                                    ],
                                    "brand": null,
                                    "title": "Baby Mango",
                                    "description": null,
                                    "packageSizing": "1 ea, $1.49/1ea",
                                    "pricing": {
                                        "price": "1.49",
                                        "wasPrice": "$1.99",
                                        "displayPrice": "$1.49",
                                        "memberOnlyPrice": null,
                                        "mopDisplayPrice": null
                                    },
                                    "pricingUnits": {
                                        "type": "SOLD_BY_EACH",
                                        "unit": "ea",
                                        "interval": 1,
                                        "minOrderQuantity": 1,
                                        "maxOrderQuantity": 25,
                                        "weighted": false
                                    },
                                    "deal": {
                                        "type": "SALE",
                                        "text": "SAVE $0.50",
                                        "points": 0,
                                        "name": "SALE",
                                        "expiryDate": "2024-07-10T00:00:00Z",
                                        "dealPrice": null
                                    },
                                    "mopDeal": null,
                                    "pcoDeal": null,
                                    "inventoryIndicator": {
                                        "indicatorId": "OUT",
                                        "text": "Out of Stock"
                                    },
                                    "offerType": "OG",
                                    "offerId": "OG",
                                    "action": null,
                                    "isVariant": false,
                                    "link": "/baby-mango/p/21406494001_EA",
                                    "productVendor": null,
                                    "productVariant": null,
                                    "textBadge": "out-of-stock",
                                    "variantTheme": null,
                                    "articleNumber": "21406494001",
                                    "uom": "EA",
                                    "sponsoredCreative": null,
                                    "isSponsored": false,
                                    "isComplementarySponsored": false,
                                    "complementarySponsoredBadgeText": null,
                                    "productBadge": null
                                },
                                {
                                    "index": 14,
                                    "productId": "20121509001_EA",
                                    "productImage": [
                                        {
                                            "imageUrl": "https://assets.shop.loblaws.ca/products/20121509001/b2/en/front/20121509001_front_a06_@2.png",
                                            "smallUrl": "https://assets.shop.loblaws.ca/products/20121509001/b1/en/front/20121509001_front_a01_@2.png",
                                            "mediumUrl": "https://assets.shop.loblaws.ca/products/20121509001/b3/en/front/20121509001_front_a06_@2.png",
                                            "largeUrl": "https://assets.shop.loblaws.ca/products/20121509001/b2/en/front/20121509001_front_a06_@2.png",
                                            "smallRetinaUrl": "https://assets.shop.loblaws.ca/products/20121509001/b1/en/front/20121509001_front_a01_@2.png",
                                            "mediumRetinaUrl": "https://assets.shop.loblaws.ca/products/20121509001/b3/en/front/20121509001_front_a06_@2.png",
                                            "largeRetinaUrl": "https://assets.shop.loblaws.ca/products/20121509001/b2/en/front/20121509001_front_a06_@2.png"
                                        }
                                    ],
                                    "brand": null,
                                    "title": "Ataulfo Mango",
                                    "description": "Mangoes have a firm, fibrous orange flesh and sweet flavour. Their skin is typically greenish-yellow with a red blush covering most of it, but colour isn\u2019t a reliable way of way of testing for ripeness. Instead, squeeze the mango gently. If it\u2019s ripe it will give slightly. Enjoy mango on its own, in fruit salad, or chutney.",
                                    "packageSizing": "1 ea, $0.99/1ea",
                                    "pricing": {
                                        "price": "0.99",
                                        "wasPrice": "$2.49",
                                        "displayPrice": "$0.99",
                                        "memberOnlyPrice": null,
                                        "mopDisplayPrice": null
                                    },
                                    "pricingUnits": {
                                        "type": "SOLD_BY_EACH",
                                        "unit": "ea",
                                        "interval": 1,
                                        "minOrderQuantity": 1,
                                        "maxOrderQuantity": 25,
                                        "weighted": false
                                    },
                                    "deal": {
                                        "type": "SALE",
                                        "text": "SAVE $1.50",
                                        "points": 0,
                                        "name": "SALE",
                                        "expiryDate": "2024-07-10T00:00:00Z",
                                        "dealPrice": null
                                    },
                                    "mopDeal": null,
                                    "pcoDeal": null,
                                    "inventoryIndicator": null,
                                    "offerType": "OG",
                                    "offerId": "OG",
                                    "action": null,
                                    "isVariant": false,
                                    "link": "/ataulfo-mango/p/20121509001_EA",
                                    "productVendor": null,
                                    "productVariant": null,
                                    "textBadge": "",
                                    "variantTheme": null,
                                    "articleNumber": "20121509001",
                                    "uom": "EA",
                                    "sponsoredCreative": null,
                                    "isSponsored": false,
                                    "isComplementarySponsored": false,
                                    "complementarySponsoredBadgeText": null,
                                    "productBadge": null
                                },
                                {
                                    "index": 15,
                                    "productId": "20059635001_EA",
                                    "productImage": [
                                        {
                                            "imageUrl": "https://assets.shop.loblaws.ca/products/20059635001/b2/en/front/20059635001_front_a06_@2.png",
                                            "smallUrl": "https://assets.shop.loblaws.ca/products/20059635001/b1/en/front/20059635001_front_a01_@2.png",
                                            "mediumUrl": "https://assets.shop.loblaws.ca/products/20059635001/b3/en/front/20059635001_front_a06_@2.png",
                                            "largeUrl": "https://assets.shop.loblaws.ca/products/20059635001/b2/en/front/20059635001_front_a06_@2.png",
                                            "smallRetinaUrl": "https://assets.shop.loblaws.ca/products/20059635001/b1/en/front/20059635001_front_a01_@2.png",
                                            "mediumRetinaUrl": "https://assets.shop.loblaws.ca/products/20059635001/b3/en/front/20059635001_front_a06_@2.png",
                                            "largeRetinaUrl": "https://assets.shop.loblaws.ca/products/20059635001/b2/en/front/20059635001_front_a06_@2.png"
                                        }
                                    ],
                                    "brand": null,
                                    "title": "Mango",
                                    "description": "Mangoes have a firm, fibrous orange flesh and sweet flavour. Their skin is typically greenish-yellow with a red blush covering most of it, but colour isn\u2019t a reliable way of way of testing for ripeness. Instead, squeeze the mango gently. If it\u2019s ripe it will give slightly. Enjoy mango on its own, in fruit salad, or chutney.",
                                    "packageSizing": "1 ea, $0.99/1ea",
                                    "pricing": {
                                        "price": "0.99",
                                        "wasPrice": "$2.99",
                                        "displayPrice": "$0.99",
                                        "memberOnlyPrice": null,
                                        "mopDisplayPrice": null
                                    },
                                    "pricingUnits": {
                                        "type": "SOLD_BY_EACH",
                                        "unit": "ea",
                                        "interval": 1,
                                        "minOrderQuantity": 1,
                                        "maxOrderQuantity": 25,
                                        "weighted": false
                                    },
                                    "deal": {
                                        "type": "SALE",
                                        "text": "SAVE $2.00",
                                        "points": 0,
                                        "name": "SALE",
                                        "expiryDate": "2024-07-10T00:00:00Z",
                                        "dealPrice": null
                                    },
                                    "mopDeal": null,
                                    "pcoDeal": null,
                                    "inventoryIndicator": null,
                                    "offerType": "OG",
                                    "offerId": "OG",
                                    "action": null,
                                    "isVariant": false,
                                    "link": "/mango/p/20059635001_EA",
                                    "productVendor": null,
                                    "productVariant": null,
                                    "textBadge": "",
                                    "variantTheme": null,
                                    "articleNumber": "20059635001",
                                    "uom": "EA",
                                    "sponsoredCreative": null,
                                    "isSponsored": false,
                                    "isComplementarySponsored": false,
                                    "complementarySponsoredBadgeText": null,
                                    "productBadge": null
                                },
                                {
                                    "index": 16,
                                    "productId": "20161074_KG",
                                    "productImage": [
                                        {
                                            "imageUrl": "https://assets.shop.loblaws.ca/products/20161074/b2/en/front/20161074_front_a06_@2.png",
                                            "smallUrl": "https://assets.shop.loblaws.ca/products/20161074/b1/en/front/20161074_front_a01_@2.png",
                                            "mediumUrl": "https://assets.shop.loblaws.ca/products/20161074/b3/en/front/20161074_front_a06_@2.png",
                                            "largeUrl": "https://assets.shop.loblaws.ca/products/20161074/b2/en/front/20161074_front_a06_@2.png",
                                            "smallRetinaUrl": "https://assets.shop.loblaws.ca/products/20161074/b1/en/front/20161074_front_a01_@2.png",
                                            "mediumRetinaUrl": "https://assets.shop.loblaws.ca/products/20161074/b3/en/front/20161074_front_a06_@2.png",
                                            "largeRetinaUrl": "https://assets.shop.loblaws.ca/products/20161074/b2/en/front/20161074_front_a06_@2.png"
                                        }
                                    ],
                                    "brand": null,
                                    "title": "Watermelon Quarters",
                                    "description": null,
                                    "packageSizing": "$3.28/1kg $1.49/1lb",
                                    "pricing": {
                                        "price": "4.69",
                                        "wasPrice": null,
                                        "displayPrice": "about $4.69",
                                        "memberOnlyPrice": null,
                                        "mopDisplayPrice": null
                                    },
                                    "pricingUnits": {
                                        "type": "SOLD_BY_EACH_PRICED_BY_WEIGHT",
                                        "unit": "ea",
                                        "interval": 1,
                                        "minOrderQuantity": 1,
                                        "maxOrderQuantity": 25,
                                        "weighted": false
                                    },
                                    "deal": null,
                                    "mopDeal": null,
                                    "pcoDeal": null,
                                    "inventoryIndicator": null,
                                    "offerType": "OG",
                                    "offerId": "OG",
                                    "action": null,
                                    "isVariant": false,
                                    "link": "/watermelon-quarters/p/20161074_KG",
                                    "productVendor": null,
                                    "productVariant": null,
                                    "textBadge": "",
                                    "variantTheme": null,
                                    "articleNumber": "20161074",
                                    "uom": "KG",
                                    "sponsoredCreative": null,
                                    "isSponsored": false,
                                    "isComplementarySponsored": false,
                                    "complementarySponsoredBadgeText": null,
                                    "productBadge": null
                                },
                                {
                                    "index": 17,
                                    "productId": "20167017001_EA",
                                    "productImage": [
                                        {
                                            "imageUrl": "https://assets.shop.loblaws.ca/products/20167017001/b2/en/front/20167017001_front_a06_@2.png",
                                            "smallUrl": "https://assets.shop.loblaws.ca/products/20167017001/b1/en/front/20167017001_front_a01_@2.png",
                                            "mediumUrl": "https://assets.shop.loblaws.ca/products/20167017001/b3/en/front/20167017001_front_a06_@2.png",
                                            "largeUrl": "https://assets.shop.loblaws.ca/products/20167017001/b2/en/front/20167017001_front_a06_@2.png",
                                            "smallRetinaUrl": "https://assets.shop.loblaws.ca/products/20167017001/b1/en/front/20167017001_front_a01_@2.png",
                                            "mediumRetinaUrl": "https://assets.shop.loblaws.ca/products/20167017001/b3/en/front/20167017001_front_a06_@2.png",
                                            "largeRetinaUrl": "https://assets.shop.loblaws.ca/products/20167017001/b2/en/front/20167017001_front_a06_@2.png"
                                        }
                                    ],
                                    "brand": null,
                                    "title": "Cantaloupe",
                                    "description": "Average weight is 3 lb.<br>Cantaloupes have a greyish-beige skin with a raised netting overtop. The flesh is pale orange, juicy, and sweet. When ripe, cantaloupes are fragrant and yield to pressure at the blossom end. Remove the seeds and cube for a fruit salad or slice and wrap with prosciutto and mint for a refreshing summer salad.",
                                    "packageSizing": "1 ea, $4.99/1ea",
                                    "pricing": {
                                        "price": "4.99",
                                        "wasPrice": null,
                                        "displayPrice": "$4.99",
                                        "memberOnlyPrice": null,
                                        "mopDisplayPrice": null
                                    },
                                    "pricingUnits": {
                                        "type": "SOLD_BY_EACH",
                                        "unit": "ea",
                                        "interval": 1,
                                        "minOrderQuantity": 1,
                                        "maxOrderQuantity": 25,
                                        "weighted": false
                                    },
                                    "deal": null,
                                    "mopDeal": null,
                                    "pcoDeal": null,
                                    "inventoryIndicator": null,
                                    "offerType": "OG",
                                    "offerId": "OG",
                                    "action": null,
                                    "isVariant": false,
                                    "link": "/cantaloupe/p/20167017001_EA",
                                    "productVendor": null,
                                    "productVariant": null,
                                    "textBadge": "",
                                    "variantTheme": null,
                                    "articleNumber": "20167017001",
                                    "uom": "EA",
                                    "sponsoredCreative": null,
                                    "isSponsored": false,
                                    "isComplementarySponsored": false,
                                    "complementarySponsoredBadgeText": null,
                                    "productBadge": null
                                },
                                {
                                    "index": 18,
                                    "productId": "20051015001_EA",
                                    "productImage": [
                                        {
                                            "imageUrl": "https://assets.shop.loblaws.ca/products/20051015001/b2/en/front/20051015001_front_a06_@2.png",
                                            "smallUrl": "https://assets.shop.loblaws.ca/products/20051015001/b1/en/front/20051015001_front_a01_@2.png",
                                            "mediumUrl": "https://assets.shop.loblaws.ca/products/20051015001/b3/en/front/20051015001_front_a06_@2.png",
                                            "largeUrl": "https://assets.shop.loblaws.ca/products/20051015001/b2/en/front/20051015001_front_a06_@2.png",
                                            "smallRetinaUrl": "https://assets.shop.loblaws.ca/products/20051015001/b1/en/front/20051015001_front_a01_@2.png",
                                            "mediumRetinaUrl": "https://assets.shop.loblaws.ca/products/20051015001/b3/en/front/20051015001_front_a06_@2.png",
                                            "largeRetinaUrl": "https://assets.shop.loblaws.ca/products/20051015001/b2/en/front/20051015001_front_a06_@2.png"
                                        }
                                    ],
                                    "brand": null,
                                    "title": "Blackberries 1/2 Pint",
                                    "description": "Blackberries range in colour from dark purple to black, and generally the more intense the colour, the sweeter the taste. Blackberries are great in smoothies and salads and can easily be made into jam, or use yours for a blackberry apple pie and enjoy with ice cream.",
                                    "packageSizing": "170 g, $1.76/100g",
                                    "pricing": {
                                        "price": "2.99",
                                        "wasPrice": "$3.99",
                                        "displayPrice": "$2.99",
                                        "memberOnlyPrice": null,
                                        "mopDisplayPrice": null
                                    },
                                    "pricingUnits": {
                                        "type": "SOLD_BY_EACH",
                                        "unit": "ea",
                                        "interval": 1,
                                        "minOrderQuantity": 1,
                                        "maxOrderQuantity": 25,
                                        "weighted": false
                                    },
                                    "deal": {
                                        "type": "SALE",
                                        "text": "SAVE $1.00",
                                        "points": 0,
                                        "name": "SALE",
                                        "expiryDate": "2024-07-10T00:00:00Z",
                                        "dealPrice": null
                                    },
                                    "mopDeal": null,
                                    "pcoDeal": null,
                                    "inventoryIndicator": null,
                                    "offerType": "OG",
                                    "offerId": "OG",
                                    "action": null,
                                    "isVariant": false,
                                    "link": "/blackberries-1-2-pint/p/20051015001_EA",
                                    "productVendor": null,
                                    "productVariant": null,
                                    "textBadge": "",
                                    "variantTheme": null,
                                    "articleNumber": "20051015001",
                                    "uom": "EA",
                                    "sponsoredCreative": null,
                                    "isSponsored": false,
                                    "isComplementarySponsored": false,
                                    "complementarySponsoredBadgeText": null,
                                    "productBadge": null
                                },
                                {
                                    "index": 19,
                                    "productId": "21027142001_EA",
                                    "productImage": [
                                        {
                                            "imageUrl": "https://assets.shop.loblaws.ca/products/21027142001/b2/en/front/21027142001_front_a06_@2.png",
                                            "smallUrl": "https://assets.shop.loblaws.ca/products/21027142001/b1/en/front/21027142001_front_a01_@2.png",
                                            "mediumUrl": "https://assets.shop.loblaws.ca/products/21027142001/b3/en/front/21027142001_front_a06_@2.png",
                                            "largeUrl": "https://assets.shop.loblaws.ca/products/21027142001/b2/en/front/21027142001_front_a06_@2.png",
                                            "smallRetinaUrl": "https://assets.shop.loblaws.ca/products/21027142001/b1/en/front/21027142001_front_a01_@2.png",
                                            "mediumRetinaUrl": "https://assets.shop.loblaws.ca/products/21027142001/b3/en/front/21027142001_front_a06_@2.png",
                                            "largeRetinaUrl": "https://assets.shop.loblaws.ca/products/21027142001/b2/en/front/21027142001_front_a06_@2.png"
                                        }
                                    ],
                                    "brand": "President's Choice",
                                    "title": "Ontario Greenhouse-Grown Strawberries ",
                                    "description": "We made strawberry season\u2026endless. Always sweet and full of flavour, our juicy strawberries are greenhouse-grown all year round in Ontario. Gone are the days when there was only a small window of time to make your best jams\u2026and pies, tarts, shortcake, scones. You get the idea. Incredible for snacking just as they are, and they\u2019re a must in fruit platters and smoothie bowls. Add by the handful to shakes and other blended drinks (frozen daiquiri, anyone?). Slice in and on cereal, French toast, ice cream and salads \u2013 especially spinach salad with goat cheese.  ",
                                    "packageSizing": "340 g, $1.76/100g",
                                    "pricing": {
                                        "price": "5.99",
                                        "wasPrice": null,
                                        "displayPrice": "$5.99",
                                        "memberOnlyPrice": null,
                                        "mopDisplayPrice": null
                                    },
                                    "pricingUnits": {
                                        "type": "SOLD_BY_EACH",
                                        "unit": "ea",
                                        "interval": 1,
                                        "minOrderQuantity": 1,
                                        "maxOrderQuantity": 25,
                                        "weighted": false
                                    },
                                    "deal": null,
                                    "mopDeal": null,
                                    "pcoDeal": null,
                                    "inventoryIndicator": null,
                                    "offerType": "OG",
                                    "offerId": "OG",
                                    "action": null,
                                    "isVariant": false,
                                    "link": "/ontario-greenhouse-grown-strawberries/p/21027142001_EA",
                                    "productVendor": null,
                                    "productVariant": null,
                                    "textBadge": "",
                                    "variantTheme": null,
                                    "articleNumber": "21027142001",
                                    "uom": "EA",
                                    "sponsoredCreative": null,
                                    "isSponsored": false,
                                    "isComplementarySponsored": false,
                                    "complementarySponsoredBadgeText": null,
                                    "productBadge": null
                                },
                                {
                                    "index": 20,
                                    "productId": "20128938001_EA",
                                    "productImage": [
                                        {
                                            "imageUrl": "https://assets.shop.loblaws.ca/products/20128938001/b2/en/front/20128938001_front_a06_@2.png",
                                            "smallUrl": "https://assets.shop.loblaws.ca/products/20128938001/b1/en/front/20128938001_front_a01_@2.png",
                                            "mediumUrl": "https://assets.shop.loblaws.ca/products/20128938001/b3/en/front/20128938001_front_a06_@2.png",
                                            "largeUrl": "https://assets.shop.loblaws.ca/products/20128938001/b2/en/front/20128938001_front_a06_@2.png",
                                            "smallRetinaUrl": "https://assets.shop.loblaws.ca/products/20128938001/b1/en/front/20128938001_front_a01_@2.png",
                                            "mediumRetinaUrl": "https://assets.shop.loblaws.ca/products/20128938001/b3/en/front/20128938001_front_a06_@2.png",
                                            "largeRetinaUrl": "https://assets.shop.loblaws.ca/products/20128938001/b2/en/front/20128938001_front_a06_@2.png"
                                        }
                                    ],
                                    "brand": null,
                                    "title": "Raspberries 1/2 pint",
                                    "description": "Raspberries are delicate fruit with bright red drupelets that connect to each other around a hollow central core. Their flavour is sweet but can also be tart if they aren\u2019t quite ripe. Add them to your morning cereal, smoothie, or yogurt, or indulge with raspberries topped with cream and chocolate shavings.",
                                    "packageSizing": "170 g, $2.94/100g",
                                    "pricing": {
                                        "price": "4.99",
                                        "wasPrice": null,
                                        "displayPrice": "$4.99",
                                        "memberOnlyPrice": null,
                                        "mopDisplayPrice": null
                                    },
                                    "pricingUnits": {
                                        "type": "SOLD_BY_EACH",
                                        "unit": "ea",
                                        "interval": 1,
                                        "minOrderQuantity": 1,
                                        "maxOrderQuantity": 25,
                                        "weighted": false
                                    },
                                    "deal": null,
                                    "mopDeal": null,
                                    "pcoDeal": null,
                                    "inventoryIndicator": null,
                                    "offerType": "OG",
                                    "offerId": "OG",
                                    "action": null,
                                    "isVariant": false,
                                    "link": "/raspberries-1-2-pint/p/20128938001_EA",
                                    "productVendor": null,
                                    "productVariant": null,
                                    "textBadge": "",
                                    "variantTheme": null,
                                    "articleNumber": "20128938001",
                                    "uom": "EA",
                                    "sponsoredCreative": null,
                                    "isSponsored": false,
                                    "isComplementarySponsored": false,
                                    "complementarySponsoredBadgeText": null,
                                    "productBadge": null
                                },
                                {
                                    "index": 21,
                                    "productId": "20080137001_EA",
                                    "productImage": [
                                        {
                                            "imageUrl": "https://assets.shop.loblaws.ca/products/20080137001/b2/en/front/20080137001_front_a06_@2.png",
                                            "smallUrl": "https://assets.shop.loblaws.ca/products/20080137001/b1/en/front/20080137001_front_a01_@2.png",
                                            "mediumUrl": "https://assets.shop.loblaws.ca/products/20080137001/b3/en/front/20080137001_front_a06_@2.png",
                                            "largeUrl": "https://assets.shop.loblaws.ca/products/20080137001/b2/en/front/20080137001_front_a06_@2.png",
                                            "smallRetinaUrl": "https://assets.shop.loblaws.ca/products/20080137001/b1/en/front/20080137001_front_a01_@2.png",
                                            "mediumRetinaUrl": "https://assets.shop.loblaws.ca/products/20080137001/b3/en/front/20080137001_front_a06_@2.png",
                                            "largeRetinaUrl": "https://assets.shop.loblaws.ca/products/20080137001/b2/en/front/20080137001_front_a06_@2.png"
                                        }
                                    ],
                                    "brand": null,
                                    "title": "Blueberries 1 pint",
                                    "description": "Blueberries range in colour from a deep purple-blue to a blue-black, both with a silvery sheen called bloom. Sweeten your morning by sprinkling blueberries on your cereal or pancakes, or add blueberries to a spinach salad with pecans and blue cheese.",
                                    "packageSizing": "340 g, $1.47/100g",
                                    "pricing": {
                                        "price": "4.99",
                                        "wasPrice": null,
                                        "displayPrice": "$4.99",
                                        "memberOnlyPrice": null,
                                        "mopDisplayPrice": null
                                    },
                                    "pricingUnits": {
                                        "type": "SOLD_BY_EACH",
                                        "unit": "ea",
                                        "interval": 1,
                                        "minOrderQuantity": 1,
                                        "maxOrderQuantity": 25,
                                        "weighted": false
                                    },
                                    "deal": null,
                                    "mopDeal": null,
                                    "pcoDeal": null,
                                    "inventoryIndicator": null,
                                    "offerType": "OG",
                                    "offerId": "OG",
                                    "action": null,
                                    "isVariant": false,
                                    "link": "/blueberries-1-pint/p/20080137001_EA",
                                    "productVendor": null,
                                    "productVariant": null,
                                    "textBadge": "",
                                    "variantTheme": null,
                                    "articleNumber": "20080137001",
                                    "uom": "EA",
                                    "sponsoredCreative": null,
                                    "isSponsored": false,
                                    "isComplementarySponsored": false,
                                    "complementarySponsoredBadgeText": null,
                                    "productBadge": null
                                },
                                {
                                    "index": 22,
                                    "productId": "20032320001_EA",
                                    "productImage": [
                                        {
                                            "imageUrl": "https://assets.shop.loblaws.ca/products/20032320001/b2/en/front/20032320001_front_a06_@2.png",
                                            "smallUrl": "https://assets.shop.loblaws.ca/products/20032320001/b1/en/front/20032320001_front_a01_@2.png",
                                            "mediumUrl": "https://assets.shop.loblaws.ca/products/20032320001/b3/en/front/20032320001_front_a06_@2.png",
                                            "largeUrl": "https://assets.shop.loblaws.ca/products/20032320001/b2/en/front/20032320001_front_a06_@2.png",
                                            "smallRetinaUrl": "https://assets.shop.loblaws.ca/products/20032320001/b1/en/front/20032320001_front_a01_@2.png",
                                            "mediumRetinaUrl": "https://assets.shop.loblaws.ca/products/20032320001/b3/en/front/20032320001_front_a06_@2.png",
                                            "largeRetinaUrl": "https://assets.shop.loblaws.ca/products/20032320001/b2/en/front/20032320001_front_a06_@2.png"
                                        }
                                    ],
                                    "brand": null,
                                    "title": "Radishes",
                                    "description": "Radishes have a wide range of shapes and colours, from round with red or pink skin to carrot-shaped with white skin. They are crisp with a mild or peppery taste, depending on the variety. Slice raw radishes for salads and sandwiches, or roast whole with butter as a simple side dish.",
                                    "packageSizing": "1 bunch, $2.49/1ea",
                                    "pricing": {
                                        "price": "2.49",
                                        "wasPrice": null,
                                        "displayPrice": "$2.49",
                                        "memberOnlyPrice": null,
                                        "mopDisplayPrice": null
                                    },
                                    "pricingUnits": {
                                        "type": "SOLD_BY_EACH",
                                        "unit": "ea",
                                        "interval": 1,
                                        "minOrderQuantity": 1,
                                        "maxOrderQuantity": 25,
                                        "weighted": false
                                    },
                                    "deal": null,
                                    "mopDeal": null,
                                    "pcoDeal": null,
                                    "inventoryIndicator": null,
                                    "offerType": "OG",
                                    "offerId": "OG",
                                    "action": null,
                                    "isVariant": false,
                                    "link": "/radishes/p/20032320001_EA",
                                    "productVendor": null,
                                    "productVariant": null,
                                    "textBadge": "",
                                    "variantTheme": null,
                                    "articleNumber": "20032320001",
                                    "uom": "EA",
                                    "sponsoredCreative": null,
                                    "isSponsored": false,
                                    "isComplementarySponsored": false,
                                    "complementarySponsoredBadgeText": null,
                                    "productBadge": null
                                },
                                {
                                    "index": 23,
                                    "productId": "20067389001_EA",
                                    "productImage": [
                                        {
                                            "imageUrl": "https://assets.shop.loblaws.ca/products/20067389001/b2/en/front/20067389001_front_a06_@2.png",
                                            "smallUrl": "https://assets.shop.loblaws.ca/products/20067389001/b1/en/front/20067389001_front_a01_@2.png",
                                            "mediumUrl": "https://assets.shop.loblaws.ca/products/20067389001/b3/en/front/20067389001_front_a06_@2.png",
                                            "largeUrl": "https://assets.shop.loblaws.ca/products/20067389001/b2/en/front/20067389001_front_a06_@2.png",
                                            "smallRetinaUrl": "https://assets.shop.loblaws.ca/products/20067389001/b1/en/front/20067389001_front_a01_@2.png",
                                            "mediumRetinaUrl": "https://assets.shop.loblaws.ca/products/20067389001/b3/en/front/20067389001_front_a06_@2.png",
                                            "largeRetinaUrl": "https://assets.shop.loblaws.ca/products/20067389001/b2/en/front/20067389001_front_a06_@2.png"
                                        }
                                    ],
                                    "brand": null,
                                    "title": "Romaine Heart, 3 Pack",
                                    "description": "Romaine hearts are the yellowish leaves in the centre of romaine lettuce. Romaine hearts are smaller and sweeter than romaine bunches and can be enjoyed fresh or cooked. Use romaine hearts to make a classic Caesar salad or as a topping for burgers and sandwiches.",
                                    "packageSizing": "3 pack, $0.83/1ea",
                                    "pricing": {
                                        "price": "2.49",
                                        "wasPrice": "$5.99",
                                        "displayPrice": "$2.49",
                                        "memberOnlyPrice": null,
                                        "mopDisplayPrice": null
                                    },
                                    "pricingUnits": {
                                        "type": "SOLD_BY_EACH",
                                        "unit": "ea",
                                        "interval": 1,
                                        "minOrderQuantity": 1,
                                        "maxOrderQuantity": 25,
                                        "weighted": false
                                    },
                                    "deal": {
                                        "type": "SALE",
                                        "text": "SAVE $3.50",
                                        "points": 0,
                                        "name": "SALE",
                                        "expiryDate": "2024-07-10T00:00:00Z",
                                        "dealPrice": null
                                    },
                                    "mopDeal": null,
                                    "pcoDeal": null,
                                    "inventoryIndicator": null,
                                    "offerType": "OG",
                                    "offerId": "OG",
                                    "action": null,
                                    "isVariant": false,
                                    "link": "/romaine-heart-3-pack/p/20067389001_EA",
                                    "productVendor": null,
                                    "productVariant": null,
                                    "textBadge": "",
                                    "variantTheme": null,
                                    "articleNumber": "20067389001",
                                    "uom": "EA",
                                    "sponsoredCreative": null,
                                    "isSponsored": false,
                                    "isComplementarySponsored": false,
                                    "complementarySponsoredBadgeText": null,
                                    "productBadge": null
                                },
                                {
                                    "index": 24,
                                    "productId": "20737570001_EA",
                                    "productImage": [
                                        {
                                            "imageUrl": "https://assets.shop.loblaws.ca/products/20737570001/b2/en/front/20737570001_front_a06_@2.png",
                                            "smallUrl": "https://assets.shop.loblaws.ca/products/20737570001/b1/en/front/20737570001_front_a01_@2.png",
                                            "mediumUrl": "https://assets.shop.loblaws.ca/products/20737570001/b3/en/front/20737570001_front_a06_@2.png",
                                            "largeUrl": "https://assets.shop.loblaws.ca/products/20737570001/b2/en/front/20737570001_front_a06_@2.png",
                                            "smallRetinaUrl": "https://assets.shop.loblaws.ca/products/20737570001/b1/en/front/20737570001_front_a01_@2.png",
                                            "mediumRetinaUrl": "https://assets.shop.loblaws.ca/products/20737570001/b3/en/front/20737570001_front_a06_@2.png",
                                            "largeRetinaUrl": "https://assets.shop.loblaws.ca/products/20737570001/b2/en/front/20737570001_front_a06_@2.png"
                                        }
                                    ],
                                    "brand": "Farmer's Market",
                                    "title": "Mini Cucumbers",
                                    "description": "Mini cucumbers are small versions of the English variety with a bit more crunch. Mini cucumbers are typically enjoyed raw and can eaten with the skin on. Take them with you as a snack on the go or add diced mini cucumbers to your next vegetable platter or salad.",
                                    "packageSizing": "6 pack, $0.67/1ea",
                                    "pricing": {
                                        "price": "3.99",
                                        "wasPrice": null,
                                        "displayPrice": "$3.99",
                                        "memberOnlyPrice": null,
                                        "mopDisplayPrice": null
                                    },
                                    "pricingUnits": {
                                        "type": "SOLD_BY_EACH",
                                        "unit": "ea",
                                        "interval": 1,
                                        "minOrderQuantity": 1,
                                        "maxOrderQuantity": 25,
                                        "weighted": false
                                    },
                                    "deal": null,
                                    "mopDeal": null,
                                    "pcoDeal": null,
                                    "inventoryIndicator": null,
                                    "offerType": "OG",
                                    "offerId": "OG",
                                    "action": null,
                                    "isVariant": false,
                                    "link": "/mini-cucumbers/p/20737570001_EA",
                                    "productVendor": null,
                                    "productVariant": null,
                                    "textBadge": "",
                                    "variantTheme": null,
                                    "articleNumber": "20737570001",
                                    "uom": "EA",
                                    "sponsoredCreative": null,
                                    "isSponsored": false,
                                    "isComplementarySponsored": false,
                                    "complementarySponsoredBadgeText": null,
                                    "productBadge": null
                                },
                                {
                                    "index": 25,
                                    "productId": "20026703001_KG",
                                    "productImage": [
                                        {
                                            "imageUrl": "https://assets.shop.loblaws.ca/products/20026703001/b2/en/front/20026703001_front_a06_@2.png",
                                            "smallUrl": "https://assets.shop.loblaws.ca/products/20026703001/b1/en/front/20026703001_front_a01_@2.png",
                                            "mediumUrl": "https://assets.shop.loblaws.ca/products/20026703001/b3/en/front/20026703001_front_a06_@2.png",
                                            "largeUrl": "https://assets.shop.loblaws.ca/products/20026703001/b2/en/front/20026703001_front_a06_@2.png",
                                            "smallRetinaUrl": "https://assets.shop.loblaws.ca/products/20026703001/b1/en/front/20026703001_front_a01_@2.png",
                                            "mediumRetinaUrl": "https://assets.shop.loblaws.ca/products/20026703001/b3/en/front/20026703001_front_a06_@2.png",
                                            "largeRetinaUrl": "https://assets.shop.loblaws.ca/products/20026703001/b2/en/front/20026703001_front_a06_@2.png"
                                        }
                                    ],
                                    "brand": null,
                                    "title": "Tomato On The Vine Red (1 Bunch)",
                                    "description": "*Average Vine has 3-5 Tomatoes  Vine tomatoes are typically sold in clusters attached to a fresh green vine. Because they are a little softer and juicier than other varieties, vine tomatoes are excellent when used fresh in salads, but they can also be roasted or used in many tomato-based recipes.",
                                    "packageSizing": "$4.39/1kg $1.99/1lb",
                                    "pricing": {
                                        "price": "3.12",
                                        "wasPrice": null,
                                        "displayPrice": "about $3.12",
                                        "memberOnlyPrice": null,
                                        "mopDisplayPrice": null
                                    },
                                    "pricingUnits": {
                                        "type": "SOLD_BY_EACH_PRICED_BY_WEIGHT",
                                        "unit": "ea",
                                        "interval": 1,
                                        "minOrderQuantity": 1,
                                        "maxOrderQuantity": 25,
                                        "weighted": false
                                    },
                                    "deal": null,
                                    "mopDeal": null,
                                    "pcoDeal": null,
                                    "inventoryIndicator": null,
                                    "offerType": "OG",
                                    "offerId": "OG",
                                    "action": null,
                                    "isVariant": false,
                                    "link": "/tomato-on-the-vine-red-1-bunch/p/20026703001_KG",
                                    "productVendor": null,
                                    "productVariant": null,
                                    "textBadge": "",
                                    "variantTheme": null,
                                    "articleNumber": "20026703001",
                                    "uom": "KG",
                                    "sponsoredCreative": null,
                                    "isSponsored": false,
                                    "isComplementarySponsored": false,
                                    "complementarySponsoredBadgeText": null,
                                    "productBadge": null
                                },
                                {
                                    "index": 26,
                                    "productId": "21456947_EA",
                                    "productImage": [
                                        {
                                            "imageUrl": "https://assets.shop.loblaws.ca/products/21456947/b2/en/front/21456947_front_a06_@2.png",
                                            "smallUrl": "https://assets.shop.loblaws.ca/products/21456947/b1/en/front/21456947_front_a01_@2.png",
                                            "mediumUrl": "https://assets.shop.loblaws.ca/products/21456947/b3/en/front/21456947_front_a06_@2.png",
                                            "largeUrl": "https://assets.shop.loblaws.ca/products/21456947/b2/en/front/21456947_front_a06_@2.png",
                                            "smallRetinaUrl": "https://assets.shop.loblaws.ca/products/21456947/b1/en/front/21456947_front_a01_@2.png",
                                            "mediumRetinaUrl": "https://assets.shop.loblaws.ca/products/21456947/b3/en/front/21456947_front_a06_@2.png",
                                            "largeRetinaUrl": "https://assets.shop.loblaws.ca/products/21456947/b2/en/front/21456947_front_a06_@2.png"
                                        },
                                        {
                                            "imageUrl": "https://assets.shop.loblaws.ca/products/21456947/b2/en/angle/21456947_angle_a06_@2.png",
                                            "smallUrl": "https://assets.shop.loblaws.ca/products/21456947/b1/en/angle/21456947_angle_a01_@2.png",
                                            "mediumUrl": "https://assets.shop.loblaws.ca/products/21456947/b3/en/angle/21456947_angle_a06_@2.png",
                                            "largeUrl": "https://assets.shop.loblaws.ca/products/21456947/b2/en/angle/21456947_angle_a06_@2.png",
                                            "smallRetinaUrl": "https://assets.shop.loblaws.ca/products/21456947/b1/en/angle/21456947_angle_a01_@2.png",
                                            "mediumRetinaUrl": "https://assets.shop.loblaws.ca/products/21456947/b3/en/angle/21456947_angle_a06_@2.png",
                                            "largeRetinaUrl": "https://assets.shop.loblaws.ca/products/21456947/b2/en/angle/21456947_angle_a06_@2.png"
                                        }
                                    ],
                                    "brand": null,
                                    "title": "Zucchini Pepper Kebab, 2 pack",
                                    "description": null,
                                    "packageSizing": "470 g, $1.28/100g",
                                    "pricing": {
                                        "price": "6.00",
                                        "wasPrice": null,
                                        "displayPrice": "$6.00",
                                        "memberOnlyPrice": null,
                                        "mopDisplayPrice": null
                                    },
                                    "pricingUnits": {
                                        "type": "SOLD_BY_EACH",
                                        "unit": "ea",
                                        "interval": 1,
                                        "minOrderQuantity": 1,
                                        "maxOrderQuantity": 25,
                                        "weighted": false
                                    },
                                    "deal": null,
                                    "mopDeal": null,
                                    "pcoDeal": null,
                                    "inventoryIndicator": null,
                                    "offerType": "OG",
                                    "offerId": "OG",
                                    "action": null,
                                    "isVariant": false,
                                    "link": "/zucchini-pepper-kebab-2-pack/p/21456947_EA",
                                    "productVendor": null,
                                    "productVariant": null,
                                    "textBadge": "",
                                    "variantTheme": null,
                                    "articleNumber": "21456947",
                                    "uom": "EA",
                                    "sponsoredCreative": null,
                                    "isSponsored": false,
                                    "isComplementarySponsored": false,
                                    "complementarySponsoredBadgeText": null,
                                    "productBadge": null
                                },
                                {
                                    "index": 27,
                                    "productId": "21456920_EA",
                                    "productImage": [
                                        {
                                            "imageUrl": "https://assets.shop.loblaws.ca/products/21456920/b2/en/front/21456920_front_a06_@2.png",
                                            "smallUrl": "https://assets.shop.loblaws.ca/products/21456920/b1/en/front/21456920_front_a01_@2.png",
                                            "mediumUrl": "https://assets.shop.loblaws.ca/products/21456920/b3/en/front/21456920_front_a06_@2.png",
                                            "largeUrl": "https://assets.shop.loblaws.ca/products/21456920/b2/en/front/21456920_front_a06_@2.png",
                                            "smallRetinaUrl": "https://assets.shop.loblaws.ca/products/21456920/b1/en/front/21456920_front_a01_@2.png",
                                            "mediumRetinaUrl": "https://assets.shop.loblaws.ca/products/21456920/b3/en/front/21456920_front_a06_@2.png",
                                            "largeRetinaUrl": "https://assets.shop.loblaws.ca/products/21456920/b2/en/front/21456920_front_a06_@2.png"
                                        },
                                        {
                                            "imageUrl": "https://assets.shop.loblaws.ca/products/21456920/b2/en/angle/21456920_angle_a06_@2.png",
                                            "smallUrl": "https://assets.shop.loblaws.ca/products/21456920/b1/en/angle/21456920_angle_a01_@2.png",
                                            "mediumUrl": "https://assets.shop.loblaws.ca/products/21456920/b3/en/angle/21456920_angle_a06_@2.png",
                                            "largeUrl": "https://assets.shop.loblaws.ca/products/21456920/b2/en/angle/21456920_angle_a06_@2.png",
                                            "smallRetinaUrl": "https://assets.shop.loblaws.ca/products/21456920/b1/en/angle/21456920_angle_a01_@2.png",
                                            "mediumRetinaUrl": "https://assets.shop.loblaws.ca/products/21456920/b3/en/angle/21456920_angle_a06_@2.png",
                                            "largeRetinaUrl": "https://assets.shop.loblaws.ca/products/21456920/b2/en/angle/21456920_angle_a06_@2.png"
                                        }
                                    ],
                                    "brand": null,
                                    "title": "Pineapple Vegetable Kebab, 4 pack",
                                    "description": null,
                                    "packageSizing": "764 g, $1.31/100g",
                                    "pricing": {
                                        "price": "10.00",
                                        "wasPrice": null,
                                        "displayPrice": "$10.00",
                                        "memberOnlyPrice": null,
                                        "mopDisplayPrice": null
                                    },
                                    "pricingUnits": {
                                        "type": "SOLD_BY_EACH",
                                        "unit": "ea",
                                        "interval": 1,
                                        "minOrderQuantity": 1,
                                        "maxOrderQuantity": 25,
                                        "weighted": false
                                    },
                                    "deal": null,
                                    "mopDeal": null,
                                    "pcoDeal": null,
                                    "inventoryIndicator": null,
                                    "offerType": "OG",
                                    "offerId": "OG",
                                    "action": null,
                                    "isVariant": false,
                                    "link": "/pineapple-vegetable-kebab-4-pack/p/21456920_EA",
                                    "productVendor": null,
                                    "productVariant": null,
                                    "textBadge": "",
                                    "variantTheme": null,
                                    "articleNumber": "21456920",
                                    "uom": "EA",
                                    "sponsoredCreative": null,
                                    "isSponsored": false,
                                    "isComplementarySponsored": false,
                                    "complementarySponsoredBadgeText": null,
                                    "productBadge": null
                                },
                                {
                                    "index": 28,
                                    "productId": "20142232001_EA",
                                    "productImage": [
                                        {
                                            "imageUrl": "https://assets.shop.loblaws.ca/products/20142232001/b2/en/front/20142232001_front_a06_@2.png",
                                            "smallUrl": "https://assets.shop.loblaws.ca/products/20142232001/b1/en/front/20142232001_front_a01_@2.png",
                                            "mediumUrl": "https://assets.shop.loblaws.ca/products/20142232001/b3/en/front/20142232001_front_a06_@2.png",
                                            "largeUrl": "https://assets.shop.loblaws.ca/products/20142232001/b2/en/front/20142232001_front_a06_@2.png",
                                            "smallRetinaUrl": "https://assets.shop.loblaws.ca/products/20142232001/b1/en/front/20142232001_front_a01_@2.png",
                                            "mediumRetinaUrl": "https://assets.shop.loblaws.ca/products/20142232001/b3/en/front/20142232001_front_a06_@2.png",
                                            "largeRetinaUrl": "https://assets.shop.loblaws.ca/products/20142232001/b2/en/front/20142232001_front_a06_@2.png"
                                        }
                                    ],
                                    "brand": null,
                                    "title": "Avocados Bag, 5-Pack",
                                    "description": "  Each bag  has 5 avacados. Avocados have a pebbly skin that turns from dark green to  near black when ripe. Cut lengthwise, twist to separate the halves, and scoop  out the creamy, pale green flesh for guacamole (lemon juice will keep the  flesh from discolouring) and smoothies, or add sliced avocado to salad or a  BLT sandwich.",
                                    "packageSizing": "1 ea, $1.20/1ea",
                                    "pricing": {
                                        "price": "5.99",
                                        "wasPrice": null,
                                        "displayPrice": "$5.99",
                                        "memberOnlyPrice": null,
                                        "mopDisplayPrice": null
                                    },
                                    "pricingUnits": {
                                        "type": "SOLD_BY_EACH",
                                        "unit": "ea",
                                        "interval": 1,
                                        "minOrderQuantity": 1,
                                        "maxOrderQuantity": 25,
                                        "weighted": false
                                    },
                                    "deal": null,
                                    "mopDeal": null,
                                    "pcoDeal": null,
                                    "inventoryIndicator": null,
                                    "offerType": "OG",
                                    "offerId": "OG",
                                    "action": null,
                                    "isVariant": false,
                                    "link": "/avocados-bag-5-pack/p/20142232001_EA",
                                    "productVendor": null,
                                    "productVariant": null,
                                    "textBadge": "",
                                    "variantTheme": null,
                                    "articleNumber": "20142232001",
                                    "uom": "EA",
                                    "sponsoredCreative": null,
                                    "isSponsored": false,
                                    "isComplementarySponsored": false,
                                    "complementarySponsoredBadgeText": null,
                                    "productBadge": null
                                },
                                {
                                    "index": 29,
                                    "productId": "20021359_KG",
                                    "productImage": [
                                        {
                                            "imageUrl": "https://assets.shop.loblaws.ca/products/20021359/b2/en/front/20021359_front_a06_@2.png",
                                            "smallUrl": "https://assets.shop.loblaws.ca/products/20021359/b1/en/front/20021359_front_a01_@2.png",
                                            "mediumUrl": "https://assets.shop.loblaws.ca/products/20021359/b3/en/front/20021359_front_a06_@2.png",
                                            "largeUrl": "https://assets.shop.loblaws.ca/products/20021359/b2/en/front/20021359_front_a06_@2.png",
                                            "smallRetinaUrl": "https://assets.shop.loblaws.ca/products/20021359/b1/en/front/20021359_front_a01_@2.png",
                                            "mediumRetinaUrl": "https://assets.shop.loblaws.ca/products/20021359/b3/en/front/20021359_front_a06_@2.png",
                                            "largeRetinaUrl": "https://assets.shop.loblaws.ca/products/20021359/b2/en/front/20021359_front_a06_@2.png"
                                        }
                                    ],
                                    "brand": null,
                                    "title": "Seedless Watermelon Sliced",
                                    "description": null,
                                    "packageSizing": "$2.84/1kg $1.29/1lb",
                                    "pricing": {
                                        "price": "1.96",
                                        "wasPrice": "$2.27",
                                        "displayPrice": "about $1.96",
                                        "memberOnlyPrice": null,
                                        "mopDisplayPrice": null
                                    },
                                    "pricingUnits": {
                                        "type": "SOLD_BY_EACH_PRICED_BY_WEIGHT",
                                        "unit": "ea",
                                        "interval": 1,
                                        "minOrderQuantity": 1,
                                        "maxOrderQuantity": 25,
                                        "weighted": false
                                    },
                                    "deal": {
                                        "type": "SALE",
                                        "text": "SAVE $0.31",
                                        "points": 0,
                                        "name": "SALE",
                                        "expiryDate": "2024-07-10T00:00:00Z",
                                        "dealPrice": null
                                    },
                                    "mopDeal": null,
                                    "pcoDeal": null,
                                    "inventoryIndicator": null,
                                    "offerType": "OG",
                                    "offerId": "OG",
                                    "action": null,
                                    "isVariant": false,
                                    "link": "/seedless-watermelon-sliced/p/20021359_KG",
                                    "productVendor": null,
                                    "productVariant": null,
                                    "textBadge": "",
                                    "variantTheme": null,
                                    "articleNumber": "20021359",
                                    "uom": "KG",
                                    "sponsoredCreative": null,
                                    "isSponsored": false,
                                    "isComplementarySponsored": false,
                                    "complementarySponsoredBadgeText": null,
                                    "productBadge": null
                                }
                            ],
                            "analytics": {
                                "mediaAnalytics": null,
                                "dsModel": null
                            }
                        }
                    },
                    {
                        "componentId": "productCarouselComponent",
                        "contentId": "2stceKe1P6BiifWYiHtgXK",
                        "variantId": null,
                        "id": "2stceKe1P6BiifWYiHtgXK-28195",
                        "data": {
                            "headline": "Fresh Vegetables",
                            "isSponsored": null,
                            "callToAction": {
                                "text": "Shop all",
                                "url": "/food/fruits-vegetables/fresh-vegetables/c/28195"
                            },
                            "headerGroup": null,
                            "productTiles": [
                                {
                                    "index": 1,
                                    "productId": "20070132001_EA",
                                    "productImage": [
                                        {
                                            "imageUrl": "https://assets.shop.loblaws.ca/products/20070132001/b2/en/front/20070132001_front_a06_@2.png",
                                            "smallUrl": "https://assets.shop.loblaws.ca/products/20070132001/b1/en/front/20070132001_front_a01_@2.png",
                                            "mediumUrl": "https://assets.shop.loblaws.ca/products/20070132001/b3/en/front/20070132001_front_a06_@2.png",
                                            "largeUrl": "https://assets.shop.loblaws.ca/products/20070132001/b2/en/front/20070132001_front_a06_@2.png",
                                            "smallRetinaUrl": "https://assets.shop.loblaws.ca/products/20070132001/b1/en/front/20070132001_front_a01_@2.png",
                                            "mediumRetinaUrl": "https://assets.shop.loblaws.ca/products/20070132001/b3/en/front/20070132001_front_a06_@2.png",
                                            "largeRetinaUrl": "https://assets.shop.loblaws.ca/products/20070132001/b2/en/front/20070132001_front_a06_@2.png"
                                        }
                                    ],
                                    "brand": null,
                                    "title": "English Cucumber",
                                    "description": "English (or hothouse) cucumbers are cylindrical green-skinned fruit with a crisp white flesh and edible seeds. English cucumbers are typically enjoyed raw and can be peeled or eaten with the skin on. Add sliced cucumber to your next vegetable platter or toss with mint and lemon juice for a refreshing salad.",
                                    "packageSizing": "1 ea, $1.99/1ea",
                                    "pricing": {
                                        "price": "1.99",
                                        "wasPrice": null,
                                        "displayPrice": "$1.99",
                                        "memberOnlyPrice": null,
                                        "mopDisplayPrice": null
                                    },
                                    "pricingUnits": {
                                        "type": "SOLD_BY_EACH",
                                        "unit": "ea",
                                        "interval": 1,
                                        "minOrderQuantity": 1,
                                        "maxOrderQuantity": 25,
                                        "weighted": false
                                    },
                                    "deal": null,
                                    "mopDeal": null,
                                    "pcoDeal": null,
                                    "inventoryIndicator": null,
                                    "offerType": "OG",
                                    "offerId": "OG",
                                    "action": null,
                                    "isVariant": false,
                                    "link": "/english-cucumber/p/20070132001_EA",
                                    "productVendor": null,
                                    "productVariant": null,
                                    "textBadge": "",
                                    "variantTheme": null,
                                    "articleNumber": "20070132001",
                                    "uom": "EA",
                                    "sponsoredCreative": null,
                                    "isSponsored": false,
                                    "isComplementarySponsored": false,
                                    "complementarySponsoredBadgeText": null,
                                    "productBadge": null
                                },
                                {
                                    "index": 2,
                                    "productId": "20179038001_KG",
                                    "productImage": [
                                        {
                                            "imageUrl": "https://assets.shop.loblaws.ca/products/20179038001/b2/en/front/20179038001_front_a06_@2.png",
                                            "smallUrl": "https://assets.shop.loblaws.ca/products/20179038001/b1/en/front/20179038001_front_a01_@2.png",
                                            "mediumUrl": "https://assets.shop.loblaws.ca/products/20179038001/b3/en/front/20179038001_front_a06_@2.png",
                                            "largeUrl": "https://assets.shop.loblaws.ca/products/20179038001/b2/en/front/20179038001_front_a06_@2.png",
                                            "smallRetinaUrl": "https://assets.shop.loblaws.ca/products/20179038001/b1/en/front/20179038001_front_a01_@2.png",
                                            "mediumRetinaUrl": "https://assets.shop.loblaws.ca/products/20179038001/b3/en/front/20179038001_front_a06_@2.png",
                                            "largeRetinaUrl": "https://assets.shop.loblaws.ca/products/20179038001/b2/en/front/20179038001_front_a06_@2.png"
                                        }
                                    ],
                                    "brand": null,
                                    "title": "Ginger",
                                    "description": "Ginger (or gingerroot) has a tough tan skin and a fresh spicy fragrance. Ginger can be grated, slivered, or ground and its peppery flavour is used in a variety of dishes. Dried ground ginger has a very different taste and is not a suitable replacement for fresh. Peel gingerroot and add fresh to dressings and marinades, or cook in a stir-fry or soup.",
                                    "packageSizing": "$8.80/1kg $3.99/1lb",
                                    "pricing": {
                                        "price": "1.85",
                                        "wasPrice": null,
                                        "displayPrice": "about $1.85",
                                        "memberOnlyPrice": null,
                                        "mopDisplayPrice": null
                                    },
                                    "pricingUnits": {
                                        "type": "SOLD_BY_EACH_PRICED_BY_WEIGHT",
                                        "unit": "ea",
                                        "interval": 1,
                                        "minOrderQuantity": 1,
                                        "maxOrderQuantity": 25,
                                        "weighted": false
                                    },
                                    "deal": null,
                                    "mopDeal": null,
                                    "pcoDeal": null,
                                    "inventoryIndicator": null,
                                    "offerType": "OG",
                                    "offerId": "OG",
                                    "action": null,
                                    "isVariant": false,
                                    "link": "/ginger/p/20179038001_KG",
                                    "productVendor": null,
                                    "productVariant": null,
                                    "textBadge": "",
                                    "variantTheme": null,
                                    "articleNumber": "20179038001",
                                    "uom": "KG",
                                    "sponsoredCreative": null,
                                    "isSponsored": false,
                                    "isComplementarySponsored": false,
                                    "complementarySponsoredBadgeText": null,
                                    "productBadge": null
                                },
                                {
                                    "index": 3,
                                    "productId": "21004355001_EA",
                                    "productImage": [
                                        {
                                            "imageUrl": "https://assets.shop.loblaws.ca/products/21004355001/b2/en/front/21004355001_front_a06_@2.png",
                                            "smallUrl": "https://assets.shop.loblaws.ca/products/21004355001/b1/en/front/21004355001_front_a01_@2.png",
                                            "mediumUrl": "https://assets.shop.loblaws.ca/products/21004355001/b3/en/front/21004355001_front_a06_@2.png",
                                            "largeUrl": "https://assets.shop.loblaws.ca/products/21004355001/b2/en/front/21004355001_front_a06_@2.png",
                                            "smallRetinaUrl": "https://assets.shop.loblaws.ca/products/21004355001/b1/en/front/21004355001_front_a01_@2.png",
                                            "mediumRetinaUrl": "https://assets.shop.loblaws.ca/products/21004355001/b3/en/front/21004355001_front_a06_@2.png",
                                            "largeRetinaUrl": "https://assets.shop.loblaws.ca/products/21004355001/b2/en/front/21004355001_front_a06_@2.png"
                                        },
                                        {
                                            "imageUrl": "https://assets.shop.loblaws.ca/products/21004355001/b2/en/angle/21004355001_angle_a06_@2.png",
                                            "smallUrl": "https://assets.shop.loblaws.ca/products/21004355001/b1/en/angle/21004355001_angle_a01_@2.png",
                                            "mediumUrl": "https://assets.shop.loblaws.ca/products/21004355001/b3/en/angle/21004355001_angle_a06_@2.png",
                                            "largeUrl": "https://assets.shop.loblaws.ca/products/21004355001/b2/en/angle/21004355001_angle_a06_@2.png",
                                            "smallRetinaUrl": "https://assets.shop.loblaws.ca/products/21004355001/b1/en/angle/21004355001_angle_a01_@2.png",
                                            "mediumRetinaUrl": "https://assets.shop.loblaws.ca/products/21004355001/b3/en/angle/21004355001_angle_a06_@2.png",
                                            "largeRetinaUrl": "https://assets.shop.loblaws.ca/products/21004355001/b2/en/angle/21004355001_angle_a06_@2.png"
                                        }
                                    ],
                                    "brand": "Rooster",
                                    "title": "Garlic Bulbs, 3-count",
                                    "description": "<p>Don't forget to add Garlic Bulbs to your weekly shopping list. The pack includes 3 bulbs, so you'll always be prepared when you make soups, stews, pizza, or your favourite stir fry.</p>",
                                    "packageSizing": "90 g, $0.33/1ea",
                                    "pricing": {
                                        "price": "0.99",
                                        "wasPrice": null,
                                        "displayPrice": "$0.99",
                                        "memberOnlyPrice": null,
                                        "mopDisplayPrice": null
                                    },
                                    "pricingUnits": {
                                        "type": "SOLD_BY_EACH",
                                        "unit": "ea",
                                        "interval": 1,
                                        "minOrderQuantity": 1,
                                        "maxOrderQuantity": 25,
                                        "weighted": false
                                    },
                                    "deal": null,
                                    "mopDeal": null,
                                    "pcoDeal": null,
                                    "inventoryIndicator": null,
                                    "offerType": "OG",
                                    "offerId": "OG",
                                    "action": null,
                                    "isVariant": false,
                                    "link": "/garlic-bulbs-3-count/p/21004355001_EA",
                                    "productVendor": null,
                                    "productVariant": null,
                                    "textBadge": "",
                                    "variantTheme": null,
                                    "articleNumber": "21004355001",
                                    "uom": "EA",
                                    "sponsoredCreative": null,
                                    "isSponsored": false,
                                    "isComplementarySponsored": false,
                                    "complementarySponsoredBadgeText": null,
                                    "productBadge": null
                                },
                                {
                                    "index": 4,
                                    "productId": "20107500001_EA",
                                    "productImage": [
                                        {
                                            "imageUrl": "https://assets.shop.loblaws.ca/products/20107500001/b2/en/front/20107500001_front_a06_@2.png",
                                            "smallUrl": "https://assets.shop.loblaws.ca/products/20107500001/b1/en/front/20107500001_front_a01_@2.png",
                                            "mediumUrl": "https://assets.shop.loblaws.ca/products/20107500001/b3/en/front/20107500001_front_a06_@2.png",
                                            "largeUrl": "https://assets.shop.loblaws.ca/products/20107500001/b2/en/front/20107500001_front_a06_@2.png",
                                            "smallRetinaUrl": "https://assets.shop.loblaws.ca/products/20107500001/b1/en/front/20107500001_front_a01_@2.png",
                                            "mediumRetinaUrl": "https://assets.shop.loblaws.ca/products/20107500001/b3/en/front/20107500001_front_a06_@2.png",
                                            "largeRetinaUrl": "https://assets.shop.loblaws.ca/products/20107500001/b2/en/front/20107500001_front_a06_@2.png"
                                        }
                                    ],
                                    "brand": null,
                                    "title": "Green Onion",
                                    "description": "Green onions have a firm white base with a small rounded bulb and crisp bright green tops. Scallions are similar but have a straighter white base and slightly milder flavour. Chop fresh green onions for salads or pair with mushrooms for a tart or omelette.",
                                    "packageSizing": "1 bunch, $1.99/1ea",
                                    "pricing": {
                                        "price": "1.99",
                                        "wasPrice": null,
                                        "displayPrice": "$1.99",
                                        "memberOnlyPrice": null,
                                        "mopDisplayPrice": null
                                    },
                                    "pricingUnits": {
                                        "type": "SOLD_BY_EACH",
                                        "unit": "ea",
                                        "interval": 1,
                                        "minOrderQuantity": 1,
                                        "maxOrderQuantity": 25,
                                        "weighted": false
                                    },
                                    "deal": null,
                                    "mopDeal": null,
                                    "pcoDeal": null,
                                    "inventoryIndicator": null,
                                    "offerType": "OG",
                                    "offerId": "OG",
                                    "action": null,
                                    "isVariant": false,
                                    "link": "/green-onion/p/20107500001_EA",
                                    "productVendor": null,
                                    "productVariant": null,
                                    "textBadge": "",
                                    "variantTheme": null,
                                    "articleNumber": "20107500001",
                                    "uom": "EA",
                                    "sponsoredCreative": null,
                                    "isSponsored": false,
                                    "isComplementarySponsored": false,
                                    "complementarySponsoredBadgeText": null,
                                    "productBadge": null
                                },
                                {
                                    "index": 5,
                                    "productId": "20026703001_KG",
                                    "productImage": [
                                        {
                                            "imageUrl": "https://assets.shop.loblaws.ca/products/20026703001/b2/en/front/20026703001_front_a06_@2.png",
                                            "smallUrl": "https://assets.shop.loblaws.ca/products/20026703001/b1/en/front/20026703001_front_a01_@2.png",
                                            "mediumUrl": "https://assets.shop.loblaws.ca/products/20026703001/b3/en/front/20026703001_front_a06_@2.png",
                                            "largeUrl": "https://assets.shop.loblaws.ca/products/20026703001/b2/en/front/20026703001_front_a06_@2.png",
                                            "smallRetinaUrl": "https://assets.shop.loblaws.ca/products/20026703001/b1/en/front/20026703001_front_a01_@2.png",
                                            "mediumRetinaUrl": "https://assets.shop.loblaws.ca/products/20026703001/b3/en/front/20026703001_front_a06_@2.png",
                                            "largeRetinaUrl": "https://assets.shop.loblaws.ca/products/20026703001/b2/en/front/20026703001_front_a06_@2.png"
                                        }
                                    ],
                                    "brand": null,
                                    "title": "Tomato On The Vine Red (1 Bunch)",
                                    "description": "*Average Vine has 3-5 Tomatoes  Vine tomatoes are typically sold in clusters attached to a fresh green vine. Because they are a little softer and juicier than other varieties, vine tomatoes are excellent when used fresh in salads, but they can also be roasted or used in many tomato-based recipes.",
                                    "packageSizing": "$4.39/1kg $1.99/1lb",
                                    "pricing": {
                                        "price": "3.12",
                                        "wasPrice": null,
                                        "displayPrice": "about $3.12",
                                        "memberOnlyPrice": null,
                                        "mopDisplayPrice": null
                                    },
                                    "pricingUnits": {
                                        "type": "SOLD_BY_EACH_PRICED_BY_WEIGHT",
                                        "unit": "ea",
                                        "interval": 1,
                                        "minOrderQuantity": 1,
                                        "maxOrderQuantity": 25,
                                        "weighted": false
                                    },
                                    "deal": null,
                                    "mopDeal": null,
                                    "pcoDeal": null,
                                    "inventoryIndicator": null,
                                    "offerType": "OG",
                                    "offerId": "OG",
                                    "action": null,
                                    "isVariant": false,
                                    "link": "/tomato-on-the-vine-red-1-bunch/p/20026703001_KG",
                                    "productVendor": null,
                                    "productVariant": null,
                                    "textBadge": "",
                                    "variantTheme": null,
                                    "articleNumber": "20026703001",
                                    "uom": "KG",
                                    "sponsoredCreative": null,
                                    "isSponsored": false,
                                    "isComplementarySponsored": false,
                                    "complementarySponsoredBadgeText": null,
                                    "productBadge": null
                                },
                                {
                                    "index": 6,
                                    "productId": "20426141001_KG",
                                    "productImage": [
                                        {
                                            "imageUrl": "https://assets.shop.loblaws.ca/products/20426141001/b2/en/front/20426141001_front_a06_@2.png",
                                            "smallUrl": "https://assets.shop.loblaws.ca/products/20426141001/b1/en/front/20426141001_front_a01_@2.png",
                                            "mediumUrl": "https://assets.shop.loblaws.ca/products/20426141001/b3/en/front/20426141001_front_a06_@2.png",
                                            "largeUrl": "https://assets.shop.loblaws.ca/products/20426141001/b2/en/front/20426141001_front_a06_@2.png",
                                            "smallRetinaUrl": "https://assets.shop.loblaws.ca/products/20426141001/b1/en/front/20426141001_front_a01_@2.png",
                                            "mediumRetinaUrl": "https://assets.shop.loblaws.ca/products/20426141001/b3/en/front/20426141001_front_a06_@2.png",
                                            "largeRetinaUrl": "https://assets.shop.loblaws.ca/products/20426141001/b2/en/front/20426141001_front_a06_@2.png"
                                        }
                                    ],
                                    "brand": null,
                                    "title": "Tomato Beefsteak  Red",
                                    "description": "Greenhouse tomatoes are firm and plump with a red skin when ripe. They are perfect sliced and used as a topping on burgers and sandwiches like the classic BLT. Or scoop out the pulp and seeds to make baked stuffed tomatoes.",
                                    "packageSizing": "$4.39/1kg $1.99/1lb",
                                    "pricing": {
                                        "price": "1.18",
                                        "wasPrice": "$1.47",
                                        "displayPrice": "about $1.18",
                                        "memberOnlyPrice": null,
                                        "mopDisplayPrice": null
                                    },
                                    "pricingUnits": {
                                        "type": "SOLD_BY_EACH_PRICED_BY_WEIGHT",
                                        "unit": "ea",
                                        "interval": 1,
                                        "minOrderQuantity": 1,
                                        "maxOrderQuantity": 25,
                                        "weighted": false
                                    },
                                    "deal": {
                                        "type": "SALE",
                                        "text": "SAVE $0.29",
                                        "points": 0,
                                        "name": "SALE",
                                        "expiryDate": "2024-07-10T00:00:00Z",
                                        "dealPrice": null
                                    },
                                    "mopDeal": null,
                                    "pcoDeal": null,
                                    "inventoryIndicator": null,
                                    "offerType": "OG",
                                    "offerId": "OG",
                                    "action": null,
                                    "isVariant": false,
                                    "link": "/tomato-beefsteak-red/p/20426141001_KG",
                                    "productVendor": null,
                                    "productVariant": null,
                                    "textBadge": "",
                                    "variantTheme": null,
                                    "articleNumber": "20426141001",
                                    "uom": "KG",
                                    "sponsoredCreative": null,
                                    "isSponsored": false,
                                    "isComplementarySponsored": false,
                                    "complementarySponsoredBadgeText": null,
                                    "productBadge": null
                                },
                                {
                                    "index": 7,
                                    "productId": "20174581001_KG",
                                    "productImage": [
                                        {
                                            "imageUrl": "https://assets.shop.loblaws.ca/products/20174581001/b2/en/front/20174581001_front_a06_@2.png",
                                            "smallUrl": "https://assets.shop.loblaws.ca/products/20174581001/b1/en/front/20174581001_front_a01_@2.png",
                                            "mediumUrl": "https://assets.shop.loblaws.ca/products/20174581001/b3/en/front/20174581001_front_a06_@2.png",
                                            "largeUrl": "https://assets.shop.loblaws.ca/products/20174581001/b2/en/front/20174581001_front_a06_@2.png",
                                            "smallRetinaUrl": "https://assets.shop.loblaws.ca/products/20174581001/b1/en/front/20174581001_front_a01_@2.png",
                                            "mediumRetinaUrl": "https://assets.shop.loblaws.ca/products/20174581001/b3/en/front/20174581001_front_a06_@2.png",
                                            "largeRetinaUrl": "https://assets.shop.loblaws.ca/products/20174581001/b2/en/front/20174581001_front_a06_@2.png"
                                        }
                                    ],
                                    "brand": null,
                                    "title": "Asparagus",
                                    "description": "Asparagus stalks range in colour from green to purple, with dark green or purplish tips. Thickness is not a reliable indicator of tenderness, and asparagus is best enjoyed the day of purchase.",
                                    "packageSizing": "$15.41/1kg $6.99/1lb",
                                    "pricing": {
                                        "price": "9.09",
                                        "wasPrice": null,
                                        "displayPrice": "about $9.09",
                                        "memberOnlyPrice": null,
                                        "mopDisplayPrice": null
                                    },
                                    "pricingUnits": {
                                        "type": "SOLD_BY_EACH_PRICED_BY_WEIGHT",
                                        "unit": "ea",
                                        "interval": 1,
                                        "minOrderQuantity": 1,
                                        "maxOrderQuantity": 25,
                                        "weighted": false
                                    },
                                    "deal": null,
                                    "mopDeal": null,
                                    "pcoDeal": null,
                                    "inventoryIndicator": null,
                                    "offerType": "OG",
                                    "offerId": "OG",
                                    "action": null,
                                    "isVariant": false,
                                    "link": "/asparagus/p/20174581001_KG",
                                    "productVendor": null,
                                    "productVariant": null,
                                    "textBadge": "",
                                    "variantTheme": null,
                                    "articleNumber": "20174581001",
                                    "uom": "KG",
                                    "sponsoredCreative": null,
                                    "isSponsored": false,
                                    "isComplementarySponsored": false,
                                    "complementarySponsoredBadgeText": null,
                                    "productBadge": null
                                },
                                {
                                    "index": 8,
                                    "productId": "20067389001_EA",
                                    "productImage": [
                                        {
                                            "imageUrl": "https://assets.shop.loblaws.ca/products/20067389001/b2/en/front/20067389001_front_a06_@2.png",
                                            "smallUrl": "https://assets.shop.loblaws.ca/products/20067389001/b1/en/front/20067389001_front_a01_@2.png",
                                            "mediumUrl": "https://assets.shop.loblaws.ca/products/20067389001/b3/en/front/20067389001_front_a06_@2.png",
                                            "largeUrl": "https://assets.shop.loblaws.ca/products/20067389001/b2/en/front/20067389001_front_a06_@2.png",
                                            "smallRetinaUrl": "https://assets.shop.loblaws.ca/products/20067389001/b1/en/front/20067389001_front_a01_@2.png",
                                            "mediumRetinaUrl": "https://assets.shop.loblaws.ca/products/20067389001/b3/en/front/20067389001_front_a06_@2.png",
                                            "largeRetinaUrl": "https://assets.shop.loblaws.ca/products/20067389001/b2/en/front/20067389001_front_a06_@2.png"
                                        }
                                    ],
                                    "brand": null,
                                    "title": "Romaine Heart, 3 Pack",
                                    "description": "Romaine hearts are the yellowish leaves in the centre of romaine lettuce. Romaine hearts are smaller and sweeter than romaine bunches and can be enjoyed fresh or cooked. Use romaine hearts to make a classic Caesar salad or as a topping for burgers and sandwiches.",
                                    "packageSizing": "3 pack, $0.83/1ea",
                                    "pricing": {
                                        "price": "2.49",
                                        "wasPrice": "$5.99",
                                        "displayPrice": "$2.49",
                                        "memberOnlyPrice": null,
                                        "mopDisplayPrice": null
                                    },
                                    "pricingUnits": {
                                        "type": "SOLD_BY_EACH",
                                        "unit": "ea",
                                        "interval": 1,
                                        "minOrderQuantity": 1,
                                        "maxOrderQuantity": 25,
                                        "weighted": false
                                    },
                                    "deal": {
                                        "type": "SALE",
                                        "text": "SAVE $3.50",
                                        "points": 0,
                                        "name": "SALE",
                                        "expiryDate": "2024-07-10T00:00:00Z",
                                        "dealPrice": null
                                    },
                                    "mopDeal": null,
                                    "pcoDeal": null,
                                    "inventoryIndicator": null,
                                    "offerType": "OG",
                                    "offerId": "OG",
                                    "action": null,
                                    "isVariant": false,
                                    "link": "/romaine-heart-3-pack/p/20067389001_EA",
                                    "productVendor": null,
                                    "productVariant": null,
                                    "textBadge": "",
                                    "variantTheme": null,
                                    "articleNumber": "20067389001",
                                    "uom": "EA",
                                    "sponsoredCreative": null,
                                    "isSponsored": false,
                                    "isComplementarySponsored": false,
                                    "complementarySponsoredBadgeText": null,
                                    "productBadge": null
                                },
                                {
                                    "index": 9,
                                    "productId": "20135581001_KG",
                                    "productImage": [
                                        {
                                            "imageUrl": "https://assets.shop.loblaws.ca/products/20135581001/b2/en/front/20135581001_front_a06_@2.png",
                                            "smallUrl": "https://assets.shop.loblaws.ca/products/20135581001/b1/en/front/20135581001_front_a01_@2.png",
                                            "mediumUrl": "https://assets.shop.loblaws.ca/products/20135581001/b3/en/front/20135581001_front_a06_@2.png",
                                            "largeUrl": "https://assets.shop.loblaws.ca/products/20135581001/b2/en/front/20135581001_front_a06_@2.png",
                                            "smallRetinaUrl": "https://assets.shop.loblaws.ca/products/20135581001/b1/en/front/20135581001_front_a01_@2.png",
                                            "mediumRetinaUrl": "https://assets.shop.loblaws.ca/products/20135581001/b3/en/front/20135581001_front_a06_@2.png",
                                            "largeRetinaUrl": "https://assets.shop.loblaws.ca/products/20135581001/b2/en/front/20135581001_front_a06_@2.png"
                                        }
                                    ],
                                    "brand": null,
                                    "title": "Colossal Garlic",
                                    "description": "Garlic has a plump bulb (or head) of individual cloves each covered with a thin skin that can be peeled. Heads of garlic can be roasted whole and the individual cloves can be crushed, chopped, pressed, pur\u00e9ed, or sliced. Try eating fresh parsley after a meal containing garlic to help control odour.",
                                    "packageSizing": "$13.21/1kg $5.99/1lb",
                                    "pricing": {
                                        "price": "1.32",
                                        "wasPrice": null,
                                        "displayPrice": "about $1.32",
                                        "memberOnlyPrice": null,
                                        "mopDisplayPrice": null
                                    },
                                    "pricingUnits": {
                                        "type": "SOLD_BY_EACH_PRICED_BY_WEIGHT",
                                        "unit": "ea",
                                        "interval": 1,
                                        "minOrderQuantity": 1,
                                        "maxOrderQuantity": 25,
                                        "weighted": false
                                    },
                                    "deal": null,
                                    "mopDeal": null,
                                    "pcoDeal": null,
                                    "inventoryIndicator": null,
                                    "offerType": "OG",
                                    "offerId": "OG",
                                    "action": null,
                                    "isVariant": false,
                                    "link": "/colossal-garlic/p/20135581001_KG",
                                    "productVendor": null,
                                    "productVariant": null,
                                    "textBadge": "",
                                    "variantTheme": null,
                                    "articleNumber": "20135581001",
                                    "uom": "KG",
                                    "sponsoredCreative": null,
                                    "isSponsored": false,
                                    "isComplementarySponsored": false,
                                    "complementarySponsoredBadgeText": null,
                                    "productBadge": null
                                },
                                {
                                    "index": 10,
                                    "productId": "20811994001_EA",
                                    "productImage": [
                                        {
                                            "imageUrl": "https://assets.shop.loblaws.ca/products/20811994001/b2/en/front/20811994001_front_a06_@2.png",
                                            "smallUrl": "https://assets.shop.loblaws.ca/products/20811994001/b1/en/front/20811994001_front_a01_@2.png",
                                            "mediumUrl": "https://assets.shop.loblaws.ca/products/20811994001/b3/en/front/20811994001_front_a06_@2.png",
                                            "largeUrl": "https://assets.shop.loblaws.ca/products/20811994001/b2/en/front/20811994001_front_a06_@2.png",
                                            "smallRetinaUrl": "https://assets.shop.loblaws.ca/products/20811994001/b1/en/front/20811994001_front_a01_@2.png",
                                            "mediumRetinaUrl": "https://assets.shop.loblaws.ca/products/20811994001/b3/en/front/20811994001_front_a06_@2.png",
                                            "largeRetinaUrl": "https://assets.shop.loblaws.ca/products/20811994001/b2/en/front/20811994001_front_a06_@2.png"
                                        }
                                    ],
                                    "brand": "Farmer's Market",
                                    "title": "Yellow Onions, 3 lb Bag",
                                    "description": null,
                                    "packageSizing": "1.36 kg, $0.33/100g",
                                    "pricing": {
                                        "price": "4.49",
                                        "wasPrice": null,
                                        "displayPrice": "$4.49",
                                        "memberOnlyPrice": null,
                                        "mopDisplayPrice": null
                                    },
                                    "pricingUnits": {
                                        "type": "SOLD_BY_EACH",
                                        "unit": "ea",
                                        "interval": 1,
                                        "minOrderQuantity": 1,
                                        "maxOrderQuantity": 25,
                                        "weighted": false
                                    },
                                    "deal": null,
                                    "mopDeal": null,
                                    "pcoDeal": null,
                                    "inventoryIndicator": null,
                                    "offerType": "OG",
                                    "offerId": "OG",
                                    "action": null,
                                    "isVariant": false,
                                    "link": "/yellow-onions-3-lb-bag/p/20811994001_EA",
                                    "productVendor": null,
                                    "productVariant": null,
                                    "textBadge": "",
                                    "variantTheme": null,
                                    "articleNumber": "20811994001",
                                    "uom": "EA",
                                    "sponsoredCreative": null,
                                    "isSponsored": false,
                                    "isComplementarySponsored": false,
                                    "complementarySponsoredBadgeText": null,
                                    "productBadge": null
                                },
                                {
                                    "index": 11,
                                    "productId": "20828461001_EA",
                                    "productImage": [
                                        {
                                            "imageUrl": "https://assets.shop.loblaws.ca/products/20828461001/b2/en/front/20828461001_front_a06_@2.png",
                                            "smallUrl": "https://assets.shop.loblaws.ca/products/20828461001/b1/en/front/20828461001_front_a01_@2.png",
                                            "mediumUrl": "https://assets.shop.loblaws.ca/products/20828461001/b3/en/front/20828461001_front_a06_@2.png",
                                            "largeUrl": "https://assets.shop.loblaws.ca/products/20828461001/b2/en/front/20828461001_front_a06_@2.png",
                                            "smallRetinaUrl": "https://assets.shop.loblaws.ca/products/20828461001/b1/en/front/20828461001_front_a01_@2.png",
                                            "mediumRetinaUrl": "https://assets.shop.loblaws.ca/products/20828461001/b3/en/front/20828461001_front_a06_@2.png",
                                            "largeRetinaUrl": "https://assets.shop.loblaws.ca/products/20828461001/b2/en/front/20828461001_front_a06_@2.png"
                                        },
                                        {
                                            "imageUrl": "https://assets.shop.loblaws.ca/products/20828461001/b2/en/open/20828461001_open_a06_@2.png",
                                            "smallUrl": "https://assets.shop.loblaws.ca/products/20828461001/b1/en/open/20828461001_open_a01_@2.png",
                                            "mediumUrl": "https://assets.shop.loblaws.ca/products/20828461001/b3/en/open/20828461001_open_a06_@2.png",
                                            "largeUrl": "https://assets.shop.loblaws.ca/products/20828461001/b2/en/open/20828461001_open_a06_@2.png",
                                            "smallRetinaUrl": "https://assets.shop.loblaws.ca/products/20828461001/b1/en/open/20828461001_open_a01_@2.png",
                                            "mediumRetinaUrl": "https://assets.shop.loblaws.ca/products/20828461001/b3/en/open/20828461001_open_a06_@2.png",
                                            "largeRetinaUrl": "https://assets.shop.loblaws.ca/products/20828461001/b2/en/open/20828461001_open_a06_@2.png"
                                        }
                                    ],
                                    "brand": "Farmer's Market",
                                    "title": "English Cucumber 3Ct    ",
                                    "description": "English (or hothouse) cucumbers are cylindrical green-skinned fruit with a crisp white flesh and edible seeds. English cucumbers are typically enjoyed raw and can be peeled or eaten with the skin on. Add sliced cucumber to your next vegetable platter or toss with mint and lemon juice for a refreshing salad.",
                                    "packageSizing": "3 pack, $1.33/1ea",
                                    "pricing": {
                                        "price": "3.99",
                                        "wasPrice": null,
                                        "displayPrice": "$3.99",
                                        "memberOnlyPrice": null,
                                        "mopDisplayPrice": null
                                    },
                                    "pricingUnits": {
                                        "type": "SOLD_BY_EACH",
                                        "unit": "ea",
                                        "interval": 1,
                                        "minOrderQuantity": 1,
                                        "maxOrderQuantity": 25,
                                        "weighted": false
                                    },
                                    "deal": null,
                                    "mopDeal": null,
                                    "pcoDeal": null,
                                    "inventoryIndicator": null,
                                    "offerType": "OG",
                                    "offerId": "OG",
                                    "action": null,
                                    "isVariant": false,
                                    "link": "/english-cucumber-3ct/p/20828461001_EA",
                                    "productVendor": null,
                                    "productVariant": null,
                                    "textBadge": "",
                                    "variantTheme": null,
                                    "articleNumber": "20828461001",
                                    "uom": "EA",
                                    "sponsoredCreative": null,
                                    "isSponsored": false,
                                    "isComplementarySponsored": false,
                                    "complementarySponsoredBadgeText": null,
                                    "productBadge": null
                                },
                                {
                                    "index": 12,
                                    "productId": "20135326001_EA",
                                    "productImage": [
                                        {
                                            "imageUrl": "https://assets.shop.loblaws.ca/products/20135326001/b2/en/front/20135326001_front_a06_@2.png",
                                            "smallUrl": "https://assets.shop.loblaws.ca/products/20135326001/b1/en/front/20135326001_front_a01_@2.png",
                                            "mediumUrl": "https://assets.shop.loblaws.ca/products/20135326001/b3/en/front/20135326001_front_a06_@2.png",
                                            "largeUrl": "https://assets.shop.loblaws.ca/products/20135326001/b2/en/front/20135326001_front_a06_@2.png",
                                            "smallRetinaUrl": "https://assets.shop.loblaws.ca/products/20135326001/b1/en/front/20135326001_front_a01_@2.png",
                                            "mediumRetinaUrl": "https://assets.shop.loblaws.ca/products/20135326001/b3/en/front/20135326001_front_a06_@2.png",
                                            "largeRetinaUrl": "https://assets.shop.loblaws.ca/products/20135326001/b2/en/front/20135326001_front_a06_@2.png"
                                        }
                                    ],
                                    "brand": null,
                                    "title": "Lettuce Iceberg",
                                    "description": "Iceberg (or crisphead) lettuce is a round, tightly-packed head of pale green leaves. It has a crisp texture and a mild flavour and is mainly used fresh. Shred iceberg lettuce for salads and slaws, or cut into wedges and drizzle with blue cheese dressing.",
                                    "packageSizing": "1 ea, $3.49/1ea",
                                    "pricing": {
                                        "price": "3.49",
                                        "wasPrice": null,
                                        "displayPrice": "$3.49",
                                        "memberOnlyPrice": null,
                                        "mopDisplayPrice": null
                                    },
                                    "pricingUnits": {
                                        "type": "SOLD_BY_EACH",
                                        "unit": "ea",
                                        "interval": 1,
                                        "minOrderQuantity": 1,
                                        "maxOrderQuantity": 25,
                                        "weighted": false
                                    },
                                    "deal": null,
                                    "mopDeal": null,
                                    "pcoDeal": null,
                                    "inventoryIndicator": null,
                                    "offerType": "OG",
                                    "offerId": "OG",
                                    "action": null,
                                    "isVariant": false,
                                    "link": "/lettuce-iceberg/p/20135326001_EA",
                                    "productVendor": null,
                                    "productVariant": null,
                                    "textBadge": "",
                                    "variantTheme": null,
                                    "articleNumber": "20135326001",
                                    "uom": "EA",
                                    "sponsoredCreative": null,
                                    "isSponsored": false,
                                    "isComplementarySponsored": false,
                                    "complementarySponsoredBadgeText": null,
                                    "productBadge": null
                                },
                                {
                                    "index": 13,
                                    "productId": "20134101001_KG",
                                    "productImage": [
                                        {
                                            "imageUrl": "https://assets.shop.loblaws.ca/products/20134101001/b2/en/front/20134101001_front_a06_@2.png",
                                            "smallUrl": "https://assets.shop.loblaws.ca/products/20134101001/b1/en/front/20134101001_front_a01_@2.png",
                                            "mediumUrl": "https://assets.shop.loblaws.ca/products/20134101001/b3/en/front/20134101001_front_a06_@2.png",
                                            "largeUrl": "https://assets.shop.loblaws.ca/products/20134101001/b2/en/front/20134101001_front_a06_@2.png",
                                            "smallRetinaUrl": "https://assets.shop.loblaws.ca/products/20134101001/b1/en/front/20134101001_front_a01_@2.png",
                                            "mediumRetinaUrl": "https://assets.shop.loblaws.ca/products/20134101001/b3/en/front/20134101001_front_a06_@2.png",
                                            "largeRetinaUrl": "https://assets.shop.loblaws.ca/products/20134101001/b2/en/front/20134101001_front_a06_@2.png"
                                        }
                                    ],
                                    "brand": null,
                                    "title": "Red Onion",
                                    "description": "Red (or Italian) onions have a reddish-purple papery skin and a mild sweet flavour.  Use red onions to add colour and flavour to just about any dish. Slices of raw red onion work well in salads and as a topping for burgers, or roast and serve with sausage or flank steak.",
                                    "packageSizing": "$7.69/1kg $3.49/1lb",
                                    "pricing": {
                                        "price": "2.85",
                                        "wasPrice": null,
                                        "displayPrice": "about $2.85",
                                        "memberOnlyPrice": null,
                                        "mopDisplayPrice": null
                                    },
                                    "pricingUnits": {
                                        "type": "SOLD_BY_EACH_PRICED_BY_WEIGHT",
                                        "unit": "ea",
                                        "interval": 1,
                                        "minOrderQuantity": 1,
                                        "maxOrderQuantity": 25,
                                        "weighted": false
                                    },
                                    "deal": null,
                                    "mopDeal": null,
                                    "pcoDeal": null,
                                    "inventoryIndicator": null,
                                    "offerType": "OG",
                                    "offerId": "OG",
                                    "action": null,
                                    "isVariant": false,
                                    "link": "/red-onion/p/20134101001_KG",
                                    "productVendor": null,
                                    "productVariant": null,
                                    "textBadge": "",
                                    "variantTheme": null,
                                    "articleNumber": "20134101001",
                                    "uom": "KG",
                                    "sponsoredCreative": null,
                                    "isSponsored": false,
                                    "isComplementarySponsored": false,
                                    "complementarySponsoredBadgeText": null,
                                    "productBadge": null
                                },
                                {
                                    "index": 14,
                                    "productId": "20163119001_EA",
                                    "productImage": [
                                        {
                                            "imageUrl": "https://assets.shop.loblaws.ca/products/20163119001/b2/en/front/20163119001_front_a06_@2.png",
                                            "smallUrl": "https://assets.shop.loblaws.ca/products/20163119001/b1/en/front/20163119001_front_a01_@2.png",
                                            "mediumUrl": "https://assets.shop.loblaws.ca/products/20163119001/b3/en/front/20163119001_front_a06_@2.png",
                                            "largeUrl": "https://assets.shop.loblaws.ca/products/20163119001/b2/en/front/20163119001_front_a06_@2.png",
                                            "smallRetinaUrl": "https://assets.shop.loblaws.ca/products/20163119001/b1/en/front/20163119001_front_a01_@2.png",
                                            "mediumRetinaUrl": "https://assets.shop.loblaws.ca/products/20163119001/b3/en/front/20163119001_front_a06_@2.png",
                                            "largeRetinaUrl": "https://assets.shop.loblaws.ca/products/20163119001/b2/en/front/20163119001_front_a06_@2.png"
                                        }
                                    ],
                                    "brand": null,
                                    "title": "Celery Stalks",
                                    "description": "Celery has a cluster of pale green leaved ribs surrounding a heart (inner ribs). Trimmed celery leaves can be used as a garnish or added to a mixed greens salad. Enjoy celery on its own or with dip as a snack, or chop for soups, stews, or a\u00a0sandwich.",
                                    "packageSizing": "1 ea, $3.49/1ea",
                                    "pricing": {
                                        "price": "3.49",
                                        "wasPrice": null,
                                        "displayPrice": "$3.49",
                                        "memberOnlyPrice": null,
                                        "mopDisplayPrice": null
                                    },
                                    "pricingUnits": {
                                        "type": "SOLD_BY_EACH",
                                        "unit": "ea",
                                        "interval": 1,
                                        "minOrderQuantity": 1,
                                        "maxOrderQuantity": 25,
                                        "weighted": false
                                    },
                                    "deal": null,
                                    "mopDeal": null,
                                    "pcoDeal": null,
                                    "inventoryIndicator": null,
                                    "offerType": "OG",
                                    "offerId": "OG",
                                    "action": null,
                                    "isVariant": false,
                                    "link": "/celery-stalks/p/20163119001_EA",
                                    "productVendor": null,
                                    "productVariant": null,
                                    "textBadge": "",
                                    "variantTheme": null,
                                    "articleNumber": "20163119001",
                                    "uom": "EA",
                                    "sponsoredCreative": null,
                                    "isSponsored": false,
                                    "isComplementarySponsored": false,
                                    "complementarySponsoredBadgeText": null,
                                    "productBadge": null
                                },
                                {
                                    "index": 15,
                                    "productId": "21367888001_EA",
                                    "productImage": [
                                        {
                                            "imageUrl": "https://assets.shop.loblaws.ca/products/21367888001/b2/en/front/21367888001_front_a06_@2.png",
                                            "smallUrl": "https://assets.shop.loblaws.ca/products/21367888001/b1/en/front/21367888001_front_a01_@2.png",
                                            "mediumUrl": "https://assets.shop.loblaws.ca/products/21367888001/b3/en/front/21367888001_front_a06_@2.png",
                                            "largeUrl": "https://assets.shop.loblaws.ca/products/21367888001/b2/en/front/21367888001_front_a06_@2.png",
                                            "smallRetinaUrl": "https://assets.shop.loblaws.ca/products/21367888001/b1/en/front/21367888001_front_a01_@2.png",
                                            "mediumRetinaUrl": "https://assets.shop.loblaws.ca/products/21367888001/b3/en/front/21367888001_front_a06_@2.png",
                                            "largeRetinaUrl": "https://assets.shop.loblaws.ca/products/21367888001/b2/en/front/21367888001_front_a06_@2.png"
                                        },
                                        {
                                            "imageUrl": "https://assets.shop.loblaws.ca/products/21367888001/b2/en/angle/21367888001_angle_a06_@2.png",
                                            "smallUrl": "https://assets.shop.loblaws.ca/products/21367888001/b1/en/angle/21367888001_angle_a01_@2.png",
                                            "mediumUrl": "https://assets.shop.loblaws.ca/products/21367888001/b3/en/angle/21367888001_angle_a06_@2.png",
                                            "largeUrl": "https://assets.shop.loblaws.ca/products/21367888001/b2/en/angle/21367888001_angle_a06_@2.png",
                                            "smallRetinaUrl": "https://assets.shop.loblaws.ca/products/21367888001/b1/en/angle/21367888001_angle_a01_@2.png",
                                            "mediumRetinaUrl": "https://assets.shop.loblaws.ca/products/21367888001/b3/en/angle/21367888001_angle_a06_@2.png",
                                            "largeRetinaUrl": "https://assets.shop.loblaws.ca/products/21367888001/b2/en/angle/21367888001_angle_a06_@2.png"
                                        }
                                    ],
                                    "brand": "Farmer's Market",
                                    "title": "Grape Tomatoes",
                                    "description": "  <p>Plump,  red Grape Tomatoes work well in a variety of dishes. These juicy grape  tomatoes are great on their own as a snack or sliced in your favourite salad.  Wash well before use.",
                                    "packageSizing": "283 g, $1.06/100g",
                                    "pricing": {
                                        "price": "2.99",
                                        "wasPrice": "$3.99",
                                        "displayPrice": "$2.99",
                                        "memberOnlyPrice": null,
                                        "mopDisplayPrice": null
                                    },
                                    "pricingUnits": {
                                        "type": "SOLD_BY_EACH",
                                        "unit": "ea",
                                        "interval": 1,
                                        "minOrderQuantity": 1,
                                        "maxOrderQuantity": 25,
                                        "weighted": false
                                    },
                                    "deal": {
                                        "type": "SALE",
                                        "text": "SAVE $1.00",
                                        "points": 0,
                                        "name": "SALE",
                                        "expiryDate": "2024-07-10T00:00:00Z",
                                        "dealPrice": null
                                    },
                                    "mopDeal": null,
                                    "pcoDeal": null,
                                    "inventoryIndicator": null,
                                    "offerType": "OG",
                                    "offerId": "OG",
                                    "action": null,
                                    "isVariant": false,
                                    "link": "/grape-tomatoes/p/21367888001_EA",
                                    "productVendor": null,
                                    "productVariant": null,
                                    "textBadge": "",
                                    "variantTheme": null,
                                    "articleNumber": "21367888001",
                                    "uom": "EA",
                                    "sponsoredCreative": null,
                                    "isSponsored": false,
                                    "isComplementarySponsored": false,
                                    "complementarySponsoredBadgeText": null,
                                    "productBadge": null
                                },
                                {
                                    "index": 16,
                                    "productId": "20131170001_EA",
                                    "productImage": [
                                        {
                                            "imageUrl": "https://assets.shop.loblaws.ca/products/20131170001/b2/en/front/20131170001_front_a06_@2.png",
                                            "smallUrl": "https://assets.shop.loblaws.ca/products/20131170001/b1/en/front/20131170001_front_a01_@2.png",
                                            "mediumUrl": "https://assets.shop.loblaws.ca/products/20131170001/b3/en/front/20131170001_front_a06_@2.png",
                                            "largeUrl": "https://assets.shop.loblaws.ca/products/20131170001/b2/en/front/20131170001_front_a06_@2.png",
                                            "smallRetinaUrl": "https://assets.shop.loblaws.ca/products/20131170001/b1/en/front/20131170001_front_a01_@2.png",
                                            "mediumRetinaUrl": "https://assets.shop.loblaws.ca/products/20131170001/b3/en/front/20131170001_front_a06_@2.png",
                                            "largeRetinaUrl": "https://assets.shop.loblaws.ca/products/20131170001/b2/en/front/20131170001_front_a06_@2.png"
                                        },
                                        {
                                            "imageUrl": "https://assets.shop.loblaws.ca/products/20131170001/b1/en/top/20131170001_top_a01_@2.png",
                                            "smallUrl": "https://assets.shop.loblaws.ca/products/20131170001/b1/en/top/20131170001_top_a01_@2.png",
                                            "mediumUrl": "https://assets.shop.loblaws.ca/products/20131170001/b1/en/top/20131170001_top_a01_@2.png",
                                            "largeUrl": "https://assets.shop.loblaws.ca/products/20131170001/b1/en/top/20131170001_top_a01_@2.png",
                                            "smallRetinaUrl": "https://assets.shop.loblaws.ca/products/20131170001/b1/en/top/20131170001_top_a01_@2.png",
                                            "mediumRetinaUrl": "https://assets.shop.loblaws.ca/products/20131170001/b1/en/top/20131170001_top_a01_@2.png",
                                            "largeRetinaUrl": "https://assets.shop.loblaws.ca/products/20131170001/b1/en/top/20131170001_top_a01_@2.png"
                                        }
                                    ],
                                    "brand": null,
                                    "title": "Bi-Colour Corn, Corn on the Cob",
                                    "description": "Bi-colour corn has plump yellow and white kernels in tightly-spaced rows. Corn is covered with a thin layer of golden silk that should be removed prior to cooking. Cook corn and cut the kernels off the cob for salsa, salad, or chili, or boil and serve with butter for classic corn on the cob.",
                                    "packageSizing": "1 ea, $0.89/1ea",
                                    "pricing": {
                                        "price": "0.89",
                                        "wasPrice": null,
                                        "displayPrice": "$0.89",
                                        "memberOnlyPrice": null,
                                        "mopDisplayPrice": null
                                    },
                                    "pricingUnits": {
                                        "type": "SOLD_BY_EACH",
                                        "unit": "ea",
                                        "interval": 1,
                                        "minOrderQuantity": 1,
                                        "maxOrderQuantity": 25,
                                        "weighted": false
                                    },
                                    "deal": null,
                                    "mopDeal": null,
                                    "pcoDeal": null,
                                    "inventoryIndicator": {
                                        "indicatorId": "OUT",
                                        "text": "Out of Stock"
                                    },
                                    "offerType": "OG",
                                    "offerId": "OG",
                                    "action": null,
                                    "isVariant": false,
                                    "link": "/bi-colour-corn-corn-on-the-cob/p/20131170001_EA",
                                    "productVendor": null,
                                    "productVariant": null,
                                    "textBadge": "out-of-stock",
                                    "variantTheme": null,
                                    "articleNumber": "20131170001",
                                    "uom": "EA",
                                    "sponsoredCreative": null,
                                    "isSponsored": false,
                                    "isComplementarySponsored": false,
                                    "complementarySponsoredBadgeText": null,
                                    "productBadge": null
                                },
                                {
                                    "index": 17,
                                    "productId": "20426596001_KG",
                                    "productImage": [
                                        {
                                            "imageUrl": "https://assets.shop.loblaws.ca/products/20426596001/b2/en/front/20426596001_front_a06_@2.png",
                                            "smallUrl": "https://assets.shop.loblaws.ca/products/20426596001/b1/en/front/20426596001_front_a01_@2.png",
                                            "mediumUrl": "https://assets.shop.loblaws.ca/products/20426596001/b3/en/front/20426596001_front_a06_@2.png",
                                            "largeUrl": "https://assets.shop.loblaws.ca/products/20426596001/b2/en/front/20426596001_front_a06_@2.png",
                                            "smallRetinaUrl": "https://assets.shop.loblaws.ca/products/20426596001/b1/en/front/20426596001_front_a01_@2.png",
                                            "mediumRetinaUrl": "https://assets.shop.loblaws.ca/products/20426596001/b3/en/front/20426596001_front_a06_@2.png",
                                            "largeRetinaUrl": "https://assets.shop.loblaws.ca/products/20426596001/b2/en/front/20426596001_front_a06_@2.png"
                                        }
                                    ],
                                    "brand": null,
                                    "title": "Zucchini",
                                    "description": "Zucchini are summer squash with dark to light green skin, white flesh, and tiny edible seeds. They have a delicate flavour and can be eaten raw or cooked in a variety of ways.",
                                    "packageSizing": "$5.49/1kg $2.49/1lb",
                                    "pricing": {
                                        "price": "1.54",
                                        "wasPrice": null,
                                        "displayPrice": "about $1.54",
                                        "memberOnlyPrice": null,
                                        "mopDisplayPrice": null
                                    },
                                    "pricingUnits": {
                                        "type": "SOLD_BY_EACH_PRICED_BY_WEIGHT",
                                        "unit": "ea",
                                        "interval": 1,
                                        "minOrderQuantity": 1,
                                        "maxOrderQuantity": 25,
                                        "weighted": false
                                    },
                                    "deal": null,
                                    "mopDeal": null,
                                    "pcoDeal": null,
                                    "inventoryIndicator": null,
                                    "offerType": "OG",
                                    "offerId": "OG",
                                    "action": null,
                                    "isVariant": false,
                                    "link": "/zucchini/p/20426596001_KG",
                                    "productVendor": null,
                                    "productVariant": null,
                                    "textBadge": "",
                                    "variantTheme": null,
                                    "articleNumber": "20426596001",
                                    "uom": "KG",
                                    "sponsoredCreative": null,
                                    "isSponsored": false,
                                    "isComplementarySponsored": false,
                                    "complementarySponsoredBadgeText": null,
                                    "productBadge": null
                                },
                                {
                                    "index": 18,
                                    "productId": "20007535001_KG",
                                    "productImage": [
                                        {
                                            "imageUrl": "https://assets.shop.loblaws.ca/products/20007535001/b2/en/front/20007535001_front_a06_@2.png",
                                            "smallUrl": "https://assets.shop.loblaws.ca/products/20007535001/b1/en/front/20007535001_front_a01_@2.png",
                                            "mediumUrl": "https://assets.shop.loblaws.ca/products/20007535001/b3/en/front/20007535001_front_a06_@2.png",
                                            "largeUrl": "https://assets.shop.loblaws.ca/products/20007535001/b2/en/front/20007535001_front_a06_@2.png",
                                            "smallRetinaUrl": "https://assets.shop.loblaws.ca/products/20007535001/b1/en/front/20007535001_front_a01_@2.png",
                                            "mediumRetinaUrl": "https://assets.shop.loblaws.ca/products/20007535001/b3/en/front/20007535001_front_a06_@2.png",
                                            "largeRetinaUrl": "https://assets.shop.loblaws.ca/products/20007535001/b2/en/front/20007535001_front_a06_@2.png"
                                        }
                                    ],
                                    "brand": null,
                                    "title": "Red Peppers    ",
                                    "description": "Red bell peppers start with green skin but are left to ripen longer, giving them their bright red skin and sweet, fruity flavour. Enjoy them raw with dips or hummus, or roast red peppers to make dips and soups or as a topping for burgers and bruschetta.",
                                    "packageSizing": "$9.90/1kg $4.49/1lb",
                                    "pricing": {
                                        "price": "2.38",
                                        "wasPrice": null,
                                        "displayPrice": "about $2.38",
                                        "memberOnlyPrice": null,
                                        "mopDisplayPrice": null
                                    },
                                    "pricingUnits": {
                                        "type": "SOLD_BY_EACH_PRICED_BY_WEIGHT",
                                        "unit": "ea",
                                        "interval": 1,
                                        "minOrderQuantity": 1,
                                        "maxOrderQuantity": 25,
                                        "weighted": false
                                    },
                                    "deal": null,
                                    "mopDeal": null,
                                    "pcoDeal": null,
                                    "inventoryIndicator": null,
                                    "offerType": "OG",
                                    "offerId": "OG",
                                    "action": null,
                                    "isVariant": false,
                                    "link": "/red-peppers/p/20007535001_KG",
                                    "productVendor": null,
                                    "productVariant": null,
                                    "textBadge": "",
                                    "variantTheme": null,
                                    "articleNumber": "20007535001",
                                    "uom": "KG",
                                    "sponsoredCreative": null,
                                    "isSponsored": false,
                                    "isComplementarySponsored": false,
                                    "complementarySponsoredBadgeText": null,
                                    "productBadge": null
                                },
                                {
                                    "index": 19,
                                    "productId": "20143381001_KG",
                                    "productImage": [
                                        {
                                            "imageUrl": "https://assets.shop.loblaws.ca/products/20143381001/b2/en/front/20143381001_front_a06_@2.png",
                                            "smallUrl": "https://assets.shop.loblaws.ca/products/20143381001/b1/en/front/20143381001_front_a01_@2.png",
                                            "mediumUrl": "https://assets.shop.loblaws.ca/products/20143381001/b3/en/front/20143381001_front_a06_@2.png",
                                            "largeUrl": "https://assets.shop.loblaws.ca/products/20143381001/b2/en/front/20143381001_front_a06_@2.png",
                                            "smallRetinaUrl": "https://assets.shop.loblaws.ca/products/20143381001/b1/en/front/20143381001_front_a01_@2.png",
                                            "mediumRetinaUrl": "https://assets.shop.loblaws.ca/products/20143381001/b3/en/front/20143381001_front_a06_@2.png",
                                            "largeRetinaUrl": "https://assets.shop.loblaws.ca/products/20143381001/b2/en/front/20143381001_front_a06_@2.png"
                                        }
                                    ],
                                    "brand": null,
                                    "title": "Roma Tomatoes",
                                    "description": "Roma (or plum) tomatoes are egg-shaped  and narrow with a thick red skin and meaty texture. Because they have few seeds and a sweet flavour, Roma tomatoes are a popular choice for making tomato paste and sauce. They can also be used raw in salads or roasted for lasagna and pasta.",
                                    "packageSizing": "$6.59/1kg $2.99/1lb",
                                    "pricing": {
                                        "price": "0.79",
                                        "wasPrice": null,
                                        "displayPrice": "about $0.79",
                                        "memberOnlyPrice": null,
                                        "mopDisplayPrice": null
                                    },
                                    "pricingUnits": {
                                        "type": "SOLD_BY_EACH_PRICED_BY_WEIGHT",
                                        "unit": "ea",
                                        "interval": 1,
                                        "minOrderQuantity": 1,
                                        "maxOrderQuantity": 25,
                                        "weighted": false
                                    },
                                    "deal": null,
                                    "mopDeal": null,
                                    "pcoDeal": null,
                                    "inventoryIndicator": null,
                                    "offerType": "OG",
                                    "offerId": "OG",
                                    "action": null,
                                    "isVariant": false,
                                    "link": "/roma-tomatoes/p/20143381001_KG",
                                    "productVendor": null,
                                    "productVariant": null,
                                    "textBadge": "",
                                    "variantTheme": null,
                                    "articleNumber": "20143381001",
                                    "uom": "KG",
                                    "sponsoredCreative": null,
                                    "isSponsored": false,
                                    "isComplementarySponsored": false,
                                    "complementarySponsoredBadgeText": null,
                                    "productBadge": null
                                },
                                {
                                    "index": 20,
                                    "productId": "20425893001_KG",
                                    "productImage": [
                                        {
                                            "imageUrl": "https://assets.shop.loblaws.ca/products/20425893001/b2/en/front/20425893001_front_a06_@2.png",
                                            "smallUrl": "https://assets.shop.loblaws.ca/products/20425893001/b1/en/front/20425893001_front_a01_@2.png",
                                            "mediumUrl": "https://assets.shop.loblaws.ca/products/20425893001/b3/en/front/20425893001_front_a06_@2.png",
                                            "largeUrl": "https://assets.shop.loblaws.ca/products/20425893001/b2/en/front/20425893001_front_a06_@2.png",
                                            "smallRetinaUrl": "https://assets.shop.loblaws.ca/products/20425893001/b1/en/front/20425893001_front_a01_@2.png",
                                            "mediumRetinaUrl": "https://assets.shop.loblaws.ca/products/20425893001/b3/en/front/20425893001_front_a06_@2.png",
                                            "largeRetinaUrl": "https://assets.shop.loblaws.ca/products/20425893001/b2/en/front/20425893001_front_a06_@2.png"
                                        }
                                    ],
                                    "brand": null,
                                    "title": "Sweet Green Peppers",
                                    "description": "Green bell peppers have a bright green skin and mild, sweet flavour. Their flesh is crisp and juicy, perfect for enjoying raw with dips or hummus. Green bell peppers will add some colour to your stir-fry, or remove the tops and seeds to make stuffed bell peppers.",
                                    "packageSizing": "$8.80/1kg $3.99/1lb",
                                    "pricing": {
                                        "price": "2.16",
                                        "wasPrice": null,
                                        "displayPrice": "about $2.16",
                                        "memberOnlyPrice": null,
                                        "mopDisplayPrice": null
                                    },
                                    "pricingUnits": {
                                        "type": "SOLD_BY_EACH_PRICED_BY_WEIGHT",
                                        "unit": "ea",
                                        "interval": 1,
                                        "minOrderQuantity": 1,
                                        "maxOrderQuantity": 25,
                                        "weighted": false
                                    },
                                    "deal": null,
                                    "mopDeal": null,
                                    "pcoDeal": null,
                                    "inventoryIndicator": {
                                        "indicatorId": "LOW",
                                        "text": "Low Stock"
                                    },
                                    "offerType": "OG",
                                    "offerId": "OG",
                                    "action": null,
                                    "isVariant": false,
                                    "link": "/sweet-green-peppers/p/20425893001_KG",
                                    "productVendor": null,
                                    "productVariant": null,
                                    "textBadge": "low-inventory",
                                    "variantTheme": null,
                                    "articleNumber": "20425893001",
                                    "uom": "KG",
                                    "sponsoredCreative": null,
                                    "isSponsored": false,
                                    "isComplementarySponsored": false,
                                    "complementarySponsoredBadgeText": null,
                                    "productBadge": null
                                },
                                {
                                    "index": 21,
                                    "productId": "20135377001_EA",
                                    "productImage": [
                                        {
                                            "imageUrl": "https://assets.shop.loblaws.ca/products/20135377001/b2/en/front/20135377001_front_a06_@2.png",
                                            "smallUrl": "https://assets.shop.loblaws.ca/products/20135377001/b1/en/front/20135377001_front_a01_@2.png",
                                            "mediumUrl": "https://assets.shop.loblaws.ca/products/20135377001/b3/en/front/20135377001_front_a06_@2.png",
                                            "largeUrl": "https://assets.shop.loblaws.ca/products/20135377001/b2/en/front/20135377001_front_a06_@2.png",
                                            "smallRetinaUrl": "https://assets.shop.loblaws.ca/products/20135377001/b1/en/front/20135377001_front_a01_@2.png",
                                            "mediumRetinaUrl": "https://assets.shop.loblaws.ca/products/20135377001/b3/en/front/20135377001_front_a06_@2.png",
                                            "largeRetinaUrl": "https://assets.shop.loblaws.ca/products/20135377001/b2/en/front/20135377001_front_a06_@2.png"
                                        }
                                    ],
                                    "brand": null,
                                    "title": "Cauliflower",
                                    "description": "Cauliflower is a cruciferous vegetable that comes in a tight cluster of florets surrounded by crisp green leaves. It is normally white but also comes in green, purple, and orange. Add raw cauliflower florets to your next vegetable platter or roast and serve as a simple side dish with meat or fish.",
                                    "packageSizing": "1 ea, $4.99/1ea",
                                    "pricing": {
                                        "price": "4.99",
                                        "wasPrice": null,
                                        "displayPrice": "$4.99",
                                        "memberOnlyPrice": null,
                                        "mopDisplayPrice": null
                                    },
                                    "pricingUnits": {
                                        "type": "SOLD_BY_EACH",
                                        "unit": "ea",
                                        "interval": 1,
                                        "minOrderQuantity": 1,
                                        "maxOrderQuantity": 25,
                                        "weighted": false
                                    },
                                    "deal": null,
                                    "mopDeal": null,
                                    "pcoDeal": null,
                                    "inventoryIndicator": null,
                                    "offerType": "OG",
                                    "offerId": "OG",
                                    "action": null,
                                    "isVariant": false,
                                    "link": "/cauliflower/p/20135377001_EA",
                                    "productVendor": null,
                                    "productVariant": null,
                                    "textBadge": "",
                                    "variantTheme": null,
                                    "articleNumber": "20135377001",
                                    "uom": "EA",
                                    "sponsoredCreative": null,
                                    "isSponsored": false,
                                    "isComplementarySponsored": false,
                                    "complementarySponsoredBadgeText": null,
                                    "productBadge": null
                                },
                                {
                                    "index": 22,
                                    "productId": "20348977001_EA",
                                    "productImage": [
                                        {
                                            "imageUrl": "https://assets.shop.loblaws.ca/products/20348977001/b2/en/front/20348977001_front_a06_@2.png",
                                            "smallUrl": "https://assets.shop.loblaws.ca/products/20348977001/b1/en/front/20348977001_front_a01_@2.png",
                                            "mediumUrl": "https://assets.shop.loblaws.ca/products/20348977001/b3/en/front/20348977001_front_a06_@2.png",
                                            "largeUrl": "https://assets.shop.loblaws.ca/products/20348977001/b2/en/front/20348977001_front_a06_@2.png",
                                            "smallRetinaUrl": "https://assets.shop.loblaws.ca/products/20348977001/b1/en/front/20348977001_front_a01_@2.png",
                                            "mediumRetinaUrl": "https://assets.shop.loblaws.ca/products/20348977001/b3/en/front/20348977001_front_a06_@2.png",
                                            "largeRetinaUrl": "https://assets.shop.loblaws.ca/products/20348977001/b2/en/front/20348977001_front_a06_@2.png"
                                        },
                                        {
                                            "imageUrl": "https://assets.shop.loblaws.ca/products/20348977001/b2/en/angle/20348977001_angle_a06_@2.png",
                                            "smallUrl": "https://assets.shop.loblaws.ca/products/20348977001/b1/en/angle/20348977001_angle_a01_@2.png",
                                            "mediumUrl": "https://assets.shop.loblaws.ca/products/20348977001/b3/en/angle/20348977001_angle_a06_@2.png",
                                            "largeUrl": "https://assets.shop.loblaws.ca/products/20348977001/b2/en/angle/20348977001_angle_a06_@2.png",
                                            "smallRetinaUrl": "https://assets.shop.loblaws.ca/products/20348977001/b1/en/angle/20348977001_angle_a01_@2.png",
                                            "mediumRetinaUrl": "https://assets.shop.loblaws.ca/products/20348977001/b3/en/angle/20348977001_angle_a06_@2.png",
                                            "largeRetinaUrl": "https://assets.shop.loblaws.ca/products/20348977001/b2/en/angle/20348977001_angle_a06_@2.png"
                                        }
                                    ],
                                    "brand": "Farmer's Market",
                                    "title": "Sweet Corn",
                                    "description": "<p><p>Enjoy a sweet taste and a tender texture with Sweet Corn. Boil or grill this sweet corn for a delicious taste. Serve it with butter, salt and pepper, and any other of your favourite seasonings.</p></p>",
                                    "packageSizing": "4 pack, $1.37/1ea",
                                    "pricing": {
                                        "price": "5.49",
                                        "wasPrice": null,
                                        "displayPrice": "$5.49",
                                        "memberOnlyPrice": null,
                                        "mopDisplayPrice": null
                                    },
                                    "pricingUnits": {
                                        "type": "SOLD_BY_EACH",
                                        "unit": "ea",
                                        "interval": 1,
                                        "minOrderQuantity": 1,
                                        "maxOrderQuantity": 25,
                                        "weighted": false
                                    },
                                    "deal": null,
                                    "mopDeal": null,
                                    "pcoDeal": null,
                                    "inventoryIndicator": null,
                                    "offerType": "OG",
                                    "offerId": "OG",
                                    "action": null,
                                    "isVariant": false,
                                    "link": "/sweet-corn/p/20348977001_EA",
                                    "productVendor": null,
                                    "productVariant": null,
                                    "textBadge": "",
                                    "variantTheme": null,
                                    "articleNumber": "20348977001",
                                    "uom": "EA",
                                    "sponsoredCreative": null,
                                    "isSponsored": false,
                                    "isComplementarySponsored": false,
                                    "complementarySponsoredBadgeText": null,
                                    "productBadge": null
                                },
                                {
                                    "index": 23,
                                    "productId": "20026161001_KG",
                                    "productImage": [
                                        {
                                            "imageUrl": "https://assets.shop.loblaws.ca/products/20026161001/b2/en/front/20026161001_front_a06_@2.png",
                                            "smallUrl": "https://assets.shop.loblaws.ca/products/20026161001/b1/en/front/20026161001_front_a01_@2.png",
                                            "mediumUrl": "https://assets.shop.loblaws.ca/products/20026161001/b3/en/front/20026161001_front_a06_@2.png",
                                            "largeUrl": "https://assets.shop.loblaws.ca/products/20026161001/b2/en/front/20026161001_front_a06_@2.png",
                                            "smallRetinaUrl": "https://assets.shop.loblaws.ca/products/20026161001/b1/en/front/20026161001_front_a01_@2.png",
                                            "mediumRetinaUrl": "https://assets.shop.loblaws.ca/products/20026161001/b3/en/front/20026161001_front_a06_@2.png",
                                            "largeRetinaUrl": "https://assets.shop.loblaws.ca/products/20026161001/b2/en/front/20026161001_front_a06_@2.png"
                                        }
                                    ],
                                    "brand": null,
                                    "title": "Broccoli Crowns",
                                    "description": "Broccoli is a cruciferous vegetable that comes in a tight cluster of florets. It is deep green in colour, sometimes with a tinge of purple. Add raw broccoli florets to your next vegetable platter or pair with cheddar cheese for a quiche.",
                                    "packageSizing": "$5.49/1kg $2.49/1lb",
                                    "pricing": {
                                        "price": "2.09",
                                        "wasPrice": "$2.92",
                                        "displayPrice": "about $2.09",
                                        "memberOnlyPrice": null,
                                        "mopDisplayPrice": null
                                    },
                                    "pricingUnits": {
                                        "type": "SOLD_BY_EACH_PRICED_BY_WEIGHT",
                                        "unit": "ea",
                                        "interval": 1,
                                        "minOrderQuantity": 1,
                                        "maxOrderQuantity": 25,
                                        "weighted": false
                                    },
                                    "deal": {
                                        "type": "SALE",
                                        "text": "SAVE $0.83",
                                        "points": 0,
                                        "name": "SALE",
                                        "expiryDate": "2024-07-10T00:00:00Z",
                                        "dealPrice": null
                                    },
                                    "mopDeal": null,
                                    "pcoDeal": null,
                                    "inventoryIndicator": null,
                                    "offerType": "OG",
                                    "offerId": "OG",
                                    "action": null,
                                    "isVariant": false,
                                    "link": "/broccoli-crowns/p/20026161001_KG",
                                    "productVendor": null,
                                    "productVariant": null,
                                    "textBadge": "",
                                    "variantTheme": null,
                                    "articleNumber": "20026161001",
                                    "uom": "KG",
                                    "sponsoredCreative": null,
                                    "isSponsored": false,
                                    "isComplementarySponsored": false,
                                    "complementarySponsoredBadgeText": null,
                                    "productBadge": null
                                },
                                {
                                    "index": 24,
                                    "productId": "20600927001_EA",
                                    "productImage": [
                                        {
                                            "imageUrl": "https://assets.shop.loblaws.ca/products/20600927001/b2/en/front/20600927001_front_a06_@2.png",
                                            "smallUrl": "https://assets.shop.loblaws.ca/products/20600927001/b1/en/front/20600927001_front_a01_@2.png",
                                            "mediumUrl": "https://assets.shop.loblaws.ca/products/20600927001/b3/en/front/20600927001_front_a06_@2.png",
                                            "largeUrl": "https://assets.shop.loblaws.ca/products/20600927001/b2/en/front/20600927001_front_a06_@2.png",
                                            "smallRetinaUrl": "https://assets.shop.loblaws.ca/products/20600927001/b1/en/front/20600927001_front_a01_@2.png",
                                            "mediumRetinaUrl": "https://assets.shop.loblaws.ca/products/20600927001/b3/en/front/20600927001_front_a06_@2.png",
                                            "largeRetinaUrl": "https://assets.shop.loblaws.ca/products/20600927001/b2/en/front/20600927001_front_a06_@2.png"
                                        }
                                    ],
                                    "brand": "Farmer's Market",
                                    "title": "Carrots, 3 lb Bag",
                                    "description": "Carrots are long and slender and come in a variety of colours in addition to orange. This popular vegetable is available all year and can be eaten raw or cooked in many ways. Try roasting whole carrots, chopping them for soups, stews, and casseroles, or indulge in carrot cake with cream cheese frosting.",
                                    "packageSizing": "1.362 kg, $0.29/100g",
                                    "pricing": {
                                        "price": "3.99",
                                        "wasPrice": null,
                                        "displayPrice": "$3.99",
                                        "memberOnlyPrice": null,
                                        "mopDisplayPrice": null
                                    },
                                    "pricingUnits": {
                                        "type": "SOLD_BY_EACH",
                                        "unit": "ea",
                                        "interval": 1,
                                        "minOrderQuantity": 1,
                                        "maxOrderQuantity": 25,
                                        "weighted": false
                                    },
                                    "deal": null,
                                    "mopDeal": null,
                                    "pcoDeal": null,
                                    "inventoryIndicator": null,
                                    "offerType": "OG",
                                    "offerId": "OG",
                                    "action": null,
                                    "isVariant": false,
                                    "link": "/carrots-3-lb-bag/p/20600927001_EA",
                                    "productVendor": null,
                                    "productVariant": null,
                                    "textBadge": "",
                                    "variantTheme": null,
                                    "articleNumber": "20600927001",
                                    "uom": "EA",
                                    "sponsoredCreative": null,
                                    "isSponsored": false,
                                    "isComplementarySponsored": false,
                                    "complementarySponsoredBadgeText": null,
                                    "productBadge": null
                                },
                                {
                                    "index": 25,
                                    "productId": "20145621001_EA",
                                    "productImage": [
                                        {
                                            "imageUrl": "https://assets.shop.loblaws.ca/products/20145621001/b2/en/front/20145621001_front_a06_@2.png",
                                            "smallUrl": "https://assets.shop.loblaws.ca/products/20145621001/b1/en/front/20145621001_front_a01_@2.png",
                                            "mediumUrl": "https://assets.shop.loblaws.ca/products/20145621001/b3/en/front/20145621001_front_a06_@2.png",
                                            "largeUrl": "https://assets.shop.loblaws.ca/products/20145621001/b2/en/front/20145621001_front_a06_@2.png",
                                            "smallRetinaUrl": "https://assets.shop.loblaws.ca/products/20145621001/b1/en/front/20145621001_front_a01_@2.png",
                                            "mediumRetinaUrl": "https://assets.shop.loblaws.ca/products/20145621001/b3/en/front/20145621001_front_a06_@2.png",
                                            "largeRetinaUrl": "https://assets.shop.loblaws.ca/products/20145621001/b2/en/front/20145621001_front_a06_@2.png"
                                        }
                                    ],
                                    "brand": null,
                                    "title": "Broccoli",
                                    "description": "Broccoli is a cruciferous vegetable that comes in a tight cluster of florets on top of firm, edible stalks. It is deep green in colour, sometimes with a tinge of purple. Add raw broccoli florets to your next vegetable platter or pair with cheddar cheese for a quiche.",
                                    "packageSizing": "1 ea, $3.99/1ea",
                                    "pricing": {
                                        "price": "3.99",
                                        "wasPrice": null,
                                        "displayPrice": "$3.99",
                                        "memberOnlyPrice": null,
                                        "mopDisplayPrice": null
                                    },
                                    "pricingUnits": {
                                        "type": "SOLD_BY_EACH",
                                        "unit": "ea",
                                        "interval": 1,
                                        "minOrderQuantity": 1,
                                        "maxOrderQuantity": 25,
                                        "weighted": false
                                    },
                                    "deal": null,
                                    "mopDeal": null,
                                    "pcoDeal": null,
                                    "inventoryIndicator": null,
                                    "offerType": "OG",
                                    "offerId": "OG",
                                    "action": null,
                                    "isVariant": false,
                                    "link": "/broccoli/p/20145621001_EA",
                                    "productVendor": null,
                                    "productVariant": null,
                                    "textBadge": "",
                                    "variantTheme": null,
                                    "articleNumber": "20145621001",
                                    "uom": "EA",
                                    "sponsoredCreative": null,
                                    "isSponsored": false,
                                    "isComplementarySponsored": false,
                                    "complementarySponsoredBadgeText": null,
                                    "productBadge": null
                                },
                                {
                                    "index": 26,
                                    "productId": "20083454001_KG",
                                    "productImage": [
                                        {
                                            "imageUrl": "https://assets.shop.loblaws.ca/products/20083454001/b2/en/front/20083454001_front_a06_@2.png",
                                            "smallUrl": "https://assets.shop.loblaws.ca/products/20083454001/b1/en/front/20083454001_front_a01_@2.png",
                                            "mediumUrl": "https://assets.shop.loblaws.ca/products/20083454001/b3/en/front/20083454001_front_a06_@2.png",
                                            "largeUrl": "https://assets.shop.loblaws.ca/products/20083454001/b2/en/front/20083454001_front_a06_@2.png",
                                            "smallRetinaUrl": "https://assets.shop.loblaws.ca/products/20083454001/b1/en/front/20083454001_front_a01_@2.png",
                                            "mediumRetinaUrl": "https://assets.shop.loblaws.ca/products/20083454001/b3/en/front/20083454001_front_a06_@2.png",
                                            "largeRetinaUrl": "https://assets.shop.loblaws.ca/products/20083454001/b2/en/front/20083454001_front_a06_@2.png"
                                        }
                                    ],
                                    "brand": null,
                                    "title": "Sweet Onion",
                                    "description": "Sweet onions include many varieties, the most common of which is the Vidalia onion. Sweet onions have a golden yellow papery skin and white sweet flesh. They are especially good raw in salads and salsas but sweet onions can also be sliced and braised with beef or fried for onion rings.",
                                    "packageSizing": "$6.59/1kg $2.99/1lb",
                                    "pricing": {
                                        "price": "3.03",
                                        "wasPrice": null,
                                        "displayPrice": "about $3.03",
                                        "memberOnlyPrice": null,
                                        "mopDisplayPrice": null
                                    },
                                    "pricingUnits": {
                                        "type": "SOLD_BY_EACH_PRICED_BY_WEIGHT",
                                        "unit": "ea",
                                        "interval": 1,
                                        "minOrderQuantity": 1,
                                        "maxOrderQuantity": 25,
                                        "weighted": false
                                    },
                                    "deal": null,
                                    "mopDeal": null,
                                    "pcoDeal": null,
                                    "inventoryIndicator": null,
                                    "offerType": "OG",
                                    "offerId": "OG",
                                    "action": null,
                                    "isVariant": false,
                                    "link": "/sweet-onion/p/20083454001_KG",
                                    "productVendor": null,
                                    "productVariant": null,
                                    "textBadge": "",
                                    "variantTheme": null,
                                    "articleNumber": "20083454001",
                                    "uom": "KG",
                                    "sponsoredCreative": null,
                                    "isSponsored": false,
                                    "isComplementarySponsored": false,
                                    "complementarySponsoredBadgeText": null,
                                    "productBadge": null
                                },
                                {
                                    "index": 27,
                                    "productId": "20921434001_EA",
                                    "productImage": [
                                        {
                                            "imageUrl": "https://assets.shop.loblaws.ca/products/20921434001/b2/en/front/20921434001_front_a06_@2.png",
                                            "smallUrl": "https://assets.shop.loblaws.ca/products/20921434001/b1/en/front/20921434001_front_a01_@2.png",
                                            "mediumUrl": "https://assets.shop.loblaws.ca/products/20921434001/b3/en/front/20921434001_front_a06_@2.png",
                                            "largeUrl": "https://assets.shop.loblaws.ca/products/20921434001/b2/en/front/20921434001_front_a06_@2.png",
                                            "smallRetinaUrl": "https://assets.shop.loblaws.ca/products/20921434001/b1/en/front/20921434001_front_a01_@2.png",
                                            "mediumRetinaUrl": "https://assets.shop.loblaws.ca/products/20921434001/b3/en/front/20921434001_front_a06_@2.png",
                                            "largeRetinaUrl": "https://assets.shop.loblaws.ca/products/20921434001/b2/en/front/20921434001_front_a06_@2.png"
                                        }
                                    ],
                                    "brand": "No Name",
                                    "title": "Naturally Imperfect Mixed Sweet Peppers 2.5lb Bag",
                                    "description": "Peppers are a part of the nightshade family and vary in taste form sweet to super-hot. Versatile and healthy, enjoy peppers raw or cooked in a variety of fashions.",
                                    "packageSizing": "1.113 kg, $0.63/100g",
                                    "pricing": {
                                        "price": "6.99",
                                        "wasPrice": null,
                                        "displayPrice": "$6.99",
                                        "memberOnlyPrice": null,
                                        "mopDisplayPrice": null
                                    },
                                    "pricingUnits": {
                                        "type": "SOLD_BY_EACH",
                                        "unit": "ea",
                                        "interval": 1,
                                        "minOrderQuantity": 1,
                                        "maxOrderQuantity": 25,
                                        "weighted": false
                                    },
                                    "deal": null,
                                    "mopDeal": null,
                                    "pcoDeal": null,
                                    "inventoryIndicator": {
                                        "indicatorId": "OUT",
                                        "text": "Out of Stock"
                                    },
                                    "offerType": "OG",
                                    "offerId": "OG",
                                    "action": null,
                                    "isVariant": false,
                                    "link": "/naturally-imperfect-mixed-sweet-peppers-2-5lb-bag/p/20921434001_EA",
                                    "productVendor": null,
                                    "productVariant": null,
                                    "textBadge": "out-of-stock",
                                    "variantTheme": null,
                                    "articleNumber": "20921434001",
                                    "uom": "EA",
                                    "sponsoredCreative": null,
                                    "isSponsored": false,
                                    "isComplementarySponsored": false,
                                    "complementarySponsoredBadgeText": null,
                                    "productBadge": null
                                },
                                {
                                    "index": 28,
                                    "productId": "20085851001_EA",
                                    "productImage": [
                                        {
                                            "imageUrl": "https://assets.shop.loblaws.ca/products/20085851001/b2/en/front/20085851001_front_a06_@2.png",
                                            "smallUrl": "https://assets.shop.loblaws.ca/products/20085851001/b1/en/front/20085851001_front_a01_@2.png",
                                            "mediumUrl": "https://assets.shop.loblaws.ca/products/20085851001/b3/en/front/20085851001_front_a06_@2.png",
                                            "largeUrl": "https://assets.shop.loblaws.ca/products/20085851001/b2/en/front/20085851001_front_a06_@2.png",
                                            "smallRetinaUrl": "https://assets.shop.loblaws.ca/products/20085851001/b1/en/front/20085851001_front_a01_@2.png",
                                            "mediumRetinaUrl": "https://assets.shop.loblaws.ca/products/20085851001/b3/en/front/20085851001_front_a06_@2.png",
                                            "largeRetinaUrl": "https://assets.shop.loblaws.ca/products/20085851001/b2/en/front/20085851001_front_a06_@2.png"
                                        }
                                    ],
                                    "brand": "Farmer's Market",
                                    "title": "Greenhouse Peppers",
                                    "description": "Bell peppers have green, orange, red, or yellow skin and a sweet flavour. They are crisp and juicy, perfect for enjoying raw with dips or hummus and to add some colour to your stir-fries.",
                                    "packageSizing": "1 ea, $1.50/1ea",
                                    "pricing": {
                                        "price": "4.49",
                                        "wasPrice": null,
                                        "displayPrice": "$4.49",
                                        "memberOnlyPrice": null,
                                        "mopDisplayPrice": null
                                    },
                                    "pricingUnits": {
                                        "type": "SOLD_BY_EACH",
                                        "unit": "ea",
                                        "interval": 1,
                                        "minOrderQuantity": 1,
                                        "maxOrderQuantity": 25,
                                        "weighted": false
                                    },
                                    "deal": null,
                                    "mopDeal": null,
                                    "pcoDeal": null,
                                    "inventoryIndicator": null,
                                    "offerType": "OG",
                                    "offerId": "OG",
                                    "action": null,
                                    "isVariant": false,
                                    "link": "/greenhouse-peppers/p/20085851001_EA",
                                    "productVendor": null,
                                    "productVariant": null,
                                    "textBadge": "",
                                    "variantTheme": null,
                                    "articleNumber": "20085851001",
                                    "uom": "EA",
                                    "sponsoredCreative": null,
                                    "isSponsored": false,
                                    "isComplementarySponsored": false,
                                    "complementarySponsoredBadgeText": null,
                                    "productBadge": null
                                },
                                {
                                    "index": 29,
                                    "productId": "20601020001_EA",
                                    "productImage": [
                                        {
                                            "imageUrl": "https://assets.shop.loblaws.ca/products/20601020001/b2/en/front/20601020001_front_a06_@2.png",
                                            "smallUrl": "https://assets.shop.loblaws.ca/products/20601020001/b1/en/front/20601020001_front_a01_@2.png",
                                            "mediumUrl": "https://assets.shop.loblaws.ca/products/20601020001/b3/en/front/20601020001_front_a06_@2.png",
                                            "largeUrl": "https://assets.shop.loblaws.ca/products/20601020001/b2/en/front/20601020001_front_a06_@2.png",
                                            "smallRetinaUrl": "https://assets.shop.loblaws.ca/products/20601020001/b1/en/front/20601020001_front_a01_@2.png",
                                            "mediumRetinaUrl": "https://assets.shop.loblaws.ca/products/20601020001/b3/en/front/20601020001_front_a06_@2.png",
                                            "largeRetinaUrl": "https://assets.shop.loblaws.ca/products/20601020001/b2/en/front/20601020001_front_a06_@2.png"
                                        }
                                    ],
                                    "brand": "Farmer's Market",
                                    "title": "Russet Potatoes, 10 lb Bag",
                                    "description": "Baking (or russet) potatoes have a rough brown skin and a tender white flesh with a mild flavour. They are a popular variety of potato and a good choice for baking, mashing, and frying. Peel and boil russets for mashed potatoes, or bake whole and top with sour cream for a side dish for your steak or pork chops.",
                                    "packageSizing": "4.54 kg, $0.13/100g",
                                    "pricing": {
                                        "price": "5.99",
                                        "wasPrice": null,
                                        "displayPrice": "$5.99",
                                        "memberOnlyPrice": null,
                                        "mopDisplayPrice": null
                                    },
                                    "pricingUnits": {
                                        "type": "SOLD_BY_EACH",
                                        "unit": "ea",
                                        "interval": 1,
                                        "minOrderQuantity": 1,
                                        "maxOrderQuantity": 25,
                                        "weighted": false
                                    },
                                    "deal": null,
                                    "mopDeal": null,
                                    "pcoDeal": null,
                                    "inventoryIndicator": {
                                        "indicatorId": "LOW",
                                        "text": "Low Stock"
                                    },
                                    "offerType": "OG",
                                    "offerId": "OG",
                                    "action": null,
                                    "isVariant": false,
                                    "link": "/russet-potatoes-10-lb-bag/p/20601020001_EA",
                                    "productVendor": null,
                                    "productVariant": null,
                                    "textBadge": "low-inventory",
                                    "variantTheme": null,
                                    "articleNumber": "20601020001",
                                    "uom": "EA",
                                    "sponsoredCreative": null,
                                    "isSponsored": false,
                                    "isComplementarySponsored": false,
                                    "complementarySponsoredBadgeText": null,
                                    "productBadge": null
                                },
                                {
                                    "index": 30,
                                    "productId": "20127708001_KG",
                                    "productImage": [
                                        {
                                            "imageUrl": "https://assets.shop.loblaws.ca/products/20127708001/b2/en/front/20127708001_front_a06_@2.png",
                                            "smallUrl": "https://assets.shop.loblaws.ca/products/20127708001/b1/en/front/20127708001_front_a01_@2.png",
                                            "mediumUrl": "https://assets.shop.loblaws.ca/products/20127708001/b3/en/front/20127708001_front_a06_@2.png",
                                            "largeUrl": "https://assets.shop.loblaws.ca/products/20127708001/b2/en/front/20127708001_front_a06_@2.png",
                                            "smallRetinaUrl": "https://assets.shop.loblaws.ca/products/20127708001/b1/en/front/20127708001_front_a01_@2.png",
                                            "mediumRetinaUrl": "https://assets.shop.loblaws.ca/products/20127708001/b3/en/front/20127708001_front_a06_@2.png",
                                            "largeRetinaUrl": "https://assets.shop.loblaws.ca/products/20127708001/b2/en/front/20127708001_front_a06_@2.png"
                                        }
                                    ],
                                    "brand": null,
                                    "title": "Sweet Potato",
                                    "description": "Sweet potatoes have a thick dark orange skin and sweet orange flesh. Yams are similar in size and shape but are not related to the sweet potato at all. Use sweet potatoes instead of regular potatoes for fries and chips or make a classic sweet potato pie.",
                                    "packageSizing": "$4.39/1kg $1.99/1lb",
                                    "pricing": {
                                        "price": "2.77",
                                        "wasPrice": null,
                                        "displayPrice": "about $2.77",
                                        "memberOnlyPrice": null,
                                        "mopDisplayPrice": null
                                    },
                                    "pricingUnits": {
                                        "type": "SOLD_BY_EACH_PRICED_BY_WEIGHT",
                                        "unit": "ea",
                                        "interval": 1,
                                        "minOrderQuantity": 1,
                                        "maxOrderQuantity": 25,
                                        "weighted": false
                                    },
                                    "deal": null,
                                    "mopDeal": null,
                                    "pcoDeal": null,
                                    "inventoryIndicator": null,
                                    "offerType": "OG",
                                    "offerId": "OG",
                                    "action": null,
                                    "isVariant": false,
                                    "link": "/sweet-potato/p/20127708001_KG",
                                    "productVendor": null,
                                    "productVariant": null,
                                    "textBadge": "",
                                    "variantTheme": null,
                                    "articleNumber": "20127708001",
                                    "uom": "KG",
                                    "sponsoredCreative": null,
                                    "isSponsored": false,
                                    "isComplementarySponsored": false,
                                    "complementarySponsoredBadgeText": null,
                                    "productBadge": null
                                },
                                {
                                    "index": 31,
                                    "productId": "20117370001_EA",
                                    "productImage": [
                                        {
                                            "imageUrl": "https://assets.shop.loblaws.ca/products/20117370001/b2/en/front/20117370001_front_a06_@2.png",
                                            "smallUrl": "https://assets.shop.loblaws.ca/products/20117370001/b1/en/front/20117370001_front_a01_@2.png",
                                            "mediumUrl": "https://assets.shop.loblaws.ca/products/20117370001/b3/en/front/20117370001_front_a06_@2.png",
                                            "largeUrl": "https://assets.shop.loblaws.ca/products/20117370001/b2/en/front/20117370001_front_a06_@2.png",
                                            "smallRetinaUrl": "https://assets.shop.loblaws.ca/products/20117370001/b1/en/front/20117370001_front_a01_@2.png",
                                            "mediumRetinaUrl": "https://assets.shop.loblaws.ca/products/20117370001/b3/en/front/20117370001_front_a06_@2.png",
                                            "largeRetinaUrl": "https://assets.shop.loblaws.ca/products/20117370001/b2/en/front/20117370001_front_a06_@2.png"
                                        }
                                    ],
                                    "brand": "Farmer's Market",
                                    "title": "Mini Carrots",
                                    "description": "Baby (or mini) carrots are harvested young and usually very tender and sweet. Because they are already peeled, baby carrots are a quick and easy snack for people of all ages. Enjoy baby carrots on their own, add them to your vegetable platter, or roast them with a little olive oil for an easy side dish.",
                                    "packageSizing": "340 g, $1.03/100g",
                                    "pricing": {
                                        "price": "3.49",
                                        "wasPrice": null,
                                        "displayPrice": "$3.49",
                                        "memberOnlyPrice": null,
                                        "mopDisplayPrice": null
                                    },
                                    "pricingUnits": {
                                        "type": "SOLD_BY_EACH",
                                        "unit": "ea",
                                        "interval": 1,
                                        "minOrderQuantity": 1,
                                        "maxOrderQuantity": 25,
                                        "weighted": false
                                    },
                                    "deal": null,
                                    "mopDeal": null,
                                    "pcoDeal": null,
                                    "inventoryIndicator": null,
                                    "offerType": "OG",
                                    "offerId": "OG",
                                    "action": null,
                                    "isVariant": false,
                                    "link": "/mini-carrots/p/20117370001_EA",
                                    "productVendor": null,
                                    "productVariant": null,
                                    "textBadge": "",
                                    "variantTheme": null,
                                    "articleNumber": "20117370001",
                                    "uom": "EA",
                                    "sponsoredCreative": null,
                                    "isSponsored": false,
                                    "isComplementarySponsored": false,
                                    "complementarySponsoredBadgeText": null,
                                    "productBadge": null
                                },
                                {
                                    "index": 32,
                                    "productId": "20737570001_EA",
                                    "productImage": [
                                        {
                                            "imageUrl": "https://assets.shop.loblaws.ca/products/20737570001/b2/en/front/20737570001_front_a06_@2.png",
                                            "smallUrl": "https://assets.shop.loblaws.ca/products/20737570001/b1/en/front/20737570001_front_a01_@2.png",
                                            "mediumUrl": "https://assets.shop.loblaws.ca/products/20737570001/b3/en/front/20737570001_front_a06_@2.png",
                                            "largeUrl": "https://assets.shop.loblaws.ca/products/20737570001/b2/en/front/20737570001_front_a06_@2.png",
                                            "smallRetinaUrl": "https://assets.shop.loblaws.ca/products/20737570001/b1/en/front/20737570001_front_a01_@2.png",
                                            "mediumRetinaUrl": "https://assets.shop.loblaws.ca/products/20737570001/b3/en/front/20737570001_front_a06_@2.png",
                                            "largeRetinaUrl": "https://assets.shop.loblaws.ca/products/20737570001/b2/en/front/20737570001_front_a06_@2.png"
                                        }
                                    ],
                                    "brand": "Farmer's Market",
                                    "title": "Mini Cucumbers",
                                    "description": "Mini cucumbers are small versions of the English variety with a bit more crunch. Mini cucumbers are typically enjoyed raw and can eaten with the skin on. Take them with you as a snack on the go or add diced mini cucumbers to your next vegetable platter or salad.",
                                    "packageSizing": "6 pack, $0.67/1ea",
                                    "pricing": {
                                        "price": "3.99",
                                        "wasPrice": null,
                                        "displayPrice": "$3.99",
                                        "memberOnlyPrice": null,
                                        "mopDisplayPrice": null
                                    },
                                    "pricingUnits": {
                                        "type": "SOLD_BY_EACH",
                                        "unit": "ea",
                                        "interval": 1,
                                        "minOrderQuantity": 1,
                                        "maxOrderQuantity": 25,
                                        "weighted": false
                                    },
                                    "deal": null,
                                    "mopDeal": null,
                                    "pcoDeal": null,
                                    "inventoryIndicator": null,
                                    "offerType": "OG",
                                    "offerId": "OG",
                                    "action": null,
                                    "isVariant": false,
                                    "link": "/mini-cucumbers/p/20737570001_EA",
                                    "productVendor": null,
                                    "productVariant": null,
                                    "textBadge": "",
                                    "variantTheme": null,
                                    "articleNumber": "20737570001",
                                    "uom": "EA",
                                    "sponsoredCreative": null,
                                    "isSponsored": false,
                                    "isComplementarySponsored": false,
                                    "complementarySponsoredBadgeText": null,
                                    "productBadge": null
                                },
                                {
                                    "index": 33,
                                    "productId": "20840038001_EA",
                                    "productImage": [
                                        {
                                            "imageUrl": "https://assets.shop.loblaws.ca/products/20840038001/b2/en/front/20840038001_front_a06_@2.png",
                                            "smallUrl": "https://assets.shop.loblaws.ca/products/20840038001/b1/en/front/20840038001_front_a01_@2.png",
                                            "mediumUrl": "https://assets.shop.loblaws.ca/products/20840038001/b3/en/front/20840038001_front_a06_@2.png",
                                            "largeUrl": "https://assets.shop.loblaws.ca/products/20840038001/b2/en/front/20840038001_front_a06_@2.png",
                                            "smallRetinaUrl": "https://assets.shop.loblaws.ca/products/20840038001/b1/en/front/20840038001_front_a01_@2.png",
                                            "mediumRetinaUrl": "https://assets.shop.loblaws.ca/products/20840038001/b3/en/front/20840038001_front_a06_@2.png",
                                            "largeRetinaUrl": "https://assets.shop.loblaws.ca/products/20840038001/b2/en/front/20840038001_front_a06_@2.png"
                                        },
                                        {
                                            "imageUrl": "https://assets.shop.loblaws.ca/products/20840038001/b2/en/top/20840038001_top_a06_@2.png",
                                            "smallUrl": "https://assets.shop.loblaws.ca/products/20840038001/b1/en/top/20840038001_top_a01_@2.png",
                                            "mediumUrl": "https://assets.shop.loblaws.ca/products/20840038001/b3/en/top/20840038001_top_a06_@2.png",
                                            "largeUrl": "https://assets.shop.loblaws.ca/products/20840038001/b2/en/top/20840038001_top_a06_@2.png",
                                            "smallRetinaUrl": "https://assets.shop.loblaws.ca/products/20840038001/b1/en/top/20840038001_top_a01_@2.png",
                                            "mediumRetinaUrl": "https://assets.shop.loblaws.ca/products/20840038001/b3/en/top/20840038001_top_a06_@2.png",
                                            "largeRetinaUrl": "https://assets.shop.loblaws.ca/products/20840038001/b2/en/top/20840038001_top_a06_@2.png"
                                        }
                                    ],
                                    "brand": "Farmer's Market",
                                    "title": "Grape Tomato",
                                    "description": "Grape tomatoes are small and oval-shaped with a smooth red or yellow skin. They typically have a thicker skin and sweeter flavour than cherry tomatoes. Add raw grape tomatoes to your salads or vegetable platters, or roast with olive oil and serve with goat cheese and crackers.",
                                    "packageSizing": "907 g, $0.88/100g",
                                    "pricing": {
                                        "price": "7.99",
                                        "wasPrice": null,
                                        "displayPrice": "$7.99",
                                        "memberOnlyPrice": null,
                                        "mopDisplayPrice": null
                                    },
                                    "pricingUnits": {
                                        "type": "SOLD_BY_EACH",
                                        "unit": "ea",
                                        "interval": 1,
                                        "minOrderQuantity": 1,
                                        "maxOrderQuantity": 25,
                                        "weighted": false
                                    },
                                    "deal": null,
                                    "mopDeal": null,
                                    "pcoDeal": null,
                                    "inventoryIndicator": null,
                                    "offerType": "OG",
                                    "offerId": "OG",
                                    "action": null,
                                    "isVariant": false,
                                    "link": "/grape-tomato/p/20840038001_EA",
                                    "productVendor": null,
                                    "productVariant": null,
                                    "textBadge": "",
                                    "variantTheme": null,
                                    "articleNumber": "20840038001",
                                    "uom": "EA",
                                    "sponsoredCreative": null,
                                    "isSponsored": false,
                                    "isComplementarySponsored": false,
                                    "complementarySponsoredBadgeText": null,
                                    "productBadge": null
                                },
                                {
                                    "index": 34,
                                    "productId": "20065036001_EA",
                                    "productImage": [
                                        {
                                            "imageUrl": "https://assets.shop.loblaws.ca/products/20065036001/b2/en/front/20065036001_front_a06_@2.png",
                                            "smallUrl": "https://assets.shop.loblaws.ca/products/20065036001/b1/en/front/20065036001_front_a01_@2.png",
                                            "mediumUrl": "https://assets.shop.loblaws.ca/products/20065036001/b3/en/front/20065036001_front_a06_@2.png",
                                            "largeUrl": "https://assets.shop.loblaws.ca/products/20065036001/b2/en/front/20065036001_front_a06_@2.png",
                                            "smallRetinaUrl": "https://assets.shop.loblaws.ca/products/20065036001/b1/en/front/20065036001_front_a01_@2.png",
                                            "mediumRetinaUrl": "https://assets.shop.loblaws.ca/products/20065036001/b3/en/front/20065036001_front_a06_@2.png",
                                            "largeRetinaUrl": "https://assets.shop.loblaws.ca/products/20065036001/b2/en/front/20065036001_front_a06_@2.png"
                                        }
                                    ],
                                    "brand": null,
                                    "title": "Romaine Lettuce",
                                    "description": "Romaine (or Cos) lettuce has dark green, tightly bunched leaves with crunchy white ribs. It has a slightly bitter flavour and can be used fresh or cooked. Use romaine lettuce to make a classic Caesar salad or as a topping for burgers and sandwiches.",
                                    "packageSizing": "1 ea, $3.99/1ea",
                                    "pricing": {
                                        "price": "3.99",
                                        "wasPrice": null,
                                        "displayPrice": "$3.99",
                                        "memberOnlyPrice": null,
                                        "mopDisplayPrice": null
                                    },
                                    "pricingUnits": {
                                        "type": "SOLD_BY_EACH",
                                        "unit": "ea",
                                        "interval": 1,
                                        "minOrderQuantity": 1,
                                        "maxOrderQuantity": 25,
                                        "weighted": false
                                    },
                                    "deal": null,
                                    "mopDeal": null,
                                    "pcoDeal": null,
                                    "inventoryIndicator": null,
                                    "offerType": "OG",
                                    "offerId": "OG",
                                    "action": null,
                                    "isVariant": false,
                                    "link": "/romaine-lettuce/p/20065036001_EA",
                                    "productVendor": null,
                                    "productVariant": null,
                                    "textBadge": "",
                                    "variantTheme": null,
                                    "articleNumber": "20065036001",
                                    "uom": "EA",
                                    "sponsoredCreative": null,
                                    "isSponsored": false,
                                    "isComplementarySponsored": false,
                                    "complementarySponsoredBadgeText": null,
                                    "productBadge": null
                                },
                                {
                                    "index": 35,
                                    "productId": "20032320001_EA",
                                    "productImage": [
                                        {
                                            "imageUrl": "https://assets.shop.loblaws.ca/products/20032320001/b2/en/front/20032320001_front_a06_@2.png",
                                            "smallUrl": "https://assets.shop.loblaws.ca/products/20032320001/b1/en/front/20032320001_front_a01_@2.png",
                                            "mediumUrl": "https://assets.shop.loblaws.ca/products/20032320001/b3/en/front/20032320001_front_a06_@2.png",
                                            "largeUrl": "https://assets.shop.loblaws.ca/products/20032320001/b2/en/front/20032320001_front_a06_@2.png",
                                            "smallRetinaUrl": "https://assets.shop.loblaws.ca/products/20032320001/b1/en/front/20032320001_front_a01_@2.png",
                                            "mediumRetinaUrl": "https://assets.shop.loblaws.ca/products/20032320001/b3/en/front/20032320001_front_a06_@2.png",
                                            "largeRetinaUrl": "https://assets.shop.loblaws.ca/products/20032320001/b2/en/front/20032320001_front_a06_@2.png"
                                        }
                                    ],
                                    "brand": null,
                                    "title": "Radishes",
                                    "description": "Radishes have a wide range of shapes and colours, from round with red or pink skin to carrot-shaped with white skin. They are crisp with a mild or peppery taste, depending on the variety. Slice raw radishes for salads and sandwiches, or roast whole with butter as a simple side dish.",
                                    "packageSizing": "1 bunch, $2.49/1ea",
                                    "pricing": {
                                        "price": "2.49",
                                        "wasPrice": null,
                                        "displayPrice": "$2.49",
                                        "memberOnlyPrice": null,
                                        "mopDisplayPrice": null
                                    },
                                    "pricingUnits": {
                                        "type": "SOLD_BY_EACH",
                                        "unit": "ea",
                                        "interval": 1,
                                        "minOrderQuantity": 1,
                                        "maxOrderQuantity": 25,
                                        "weighted": false
                                    },
                                    "deal": null,
                                    "mopDeal": null,
                                    "pcoDeal": null,
                                    "inventoryIndicator": null,
                                    "offerType": "OG",
                                    "offerId": "OG",
                                    "action": null,
                                    "isVariant": false,
                                    "link": "/radishes/p/20032320001_EA",
                                    "productVendor": null,
                                    "productVariant": null,
                                    "textBadge": "",
                                    "variantTheme": null,
                                    "articleNumber": "20032320001",
                                    "uom": "EA",
                                    "sponsoredCreative": null,
                                    "isSponsored": false,
                                    "isComplementarySponsored": false,
                                    "complementarySponsoredBadgeText": null,
                                    "productBadge": null
                                },
                                {
                                    "index": 36,
                                    "productId": "21070679001_EA",
                                    "productImage": [
                                        {
                                            "imageUrl": "https://assets.shop.loblaws.ca/products/21070679001/b2/en/front/21070679001_front_a06_@2.png",
                                            "smallUrl": "https://assets.shop.loblaws.ca/products/21070679001/b1/en/front/21070679001_front_a01_@2.png",
                                            "mediumUrl": "https://assets.shop.loblaws.ca/products/21070679001/b3/en/front/21070679001_front_a06_@2.png",
                                            "largeUrl": "https://assets.shop.loblaws.ca/products/21070679001/b2/en/front/21070679001_front_a06_@2.png",
                                            "smallRetinaUrl": "https://assets.shop.loblaws.ca/products/21070679001/b1/en/front/21070679001_front_a01_@2.png",
                                            "mediumRetinaUrl": "https://assets.shop.loblaws.ca/products/21070679001/b3/en/front/21070679001_front_a06_@2.png",
                                            "largeRetinaUrl": "https://assets.shop.loblaws.ca/products/21070679001/b2/en/front/21070679001_front_a06_@2.png"
                                        }
                                    ],
                                    "brand": "Farmer's Market",
                                    "title": "Cucumbers 11 count",
                                    "description": null,
                                    "packageSizing": "750 g, $0.54/1ea",
                                    "pricing": {
                                        "price": "5.99",
                                        "wasPrice": null,
                                        "displayPrice": "$5.99",
                                        "memberOnlyPrice": null,
                                        "mopDisplayPrice": null
                                    },
                                    "pricingUnits": {
                                        "type": "SOLD_BY_EACH",
                                        "unit": "ea",
                                        "interval": 1,
                                        "minOrderQuantity": 1,
                                        "maxOrderQuantity": 25,
                                        "weighted": false
                                    },
                                    "deal": null,
                                    "mopDeal": null,
                                    "pcoDeal": null,
                                    "inventoryIndicator": null,
                                    "offerType": "OG",
                                    "offerId": "OG",
                                    "action": null,
                                    "isVariant": false,
                                    "link": "/cucumbers-11-count/p/21070679001_EA",
                                    "productVendor": null,
                                    "productVariant": null,
                                    "textBadge": "",
                                    "variantTheme": null,
                                    "articleNumber": "21070679001",
                                    "uom": "EA",
                                    "sponsoredCreative": null,
                                    "isSponsored": false,
                                    "isComplementarySponsored": false,
                                    "complementarySponsoredBadgeText": null,
                                    "productBadge": null
                                },
                                {
                                    "index": 37,
                                    "productId": "20133884001_EA",
                                    "productImage": [
                                        {
                                            "imageUrl": "https://assets.shop.loblaws.ca/products/20133884001/b2/en/front/20133884001_front_a06_@2.png",
                                            "smallUrl": "https://assets.shop.loblaws.ca/products/20133884001/b1/en/front/20133884001_front_a01_@2.png",
                                            "mediumUrl": "https://assets.shop.loblaws.ca/products/20133884001/b3/en/front/20133884001_front_a06_@2.png",
                                            "largeUrl": "https://assets.shop.loblaws.ca/products/20133884001/b2/en/front/20133884001_front_a06_@2.png",
                                            "smallRetinaUrl": "https://assets.shop.loblaws.ca/products/20133884001/b1/en/front/20133884001_front_a01_@2.png",
                                            "mediumRetinaUrl": "https://assets.shop.loblaws.ca/products/20133884001/b3/en/front/20133884001_front_a06_@2.png",
                                            "largeRetinaUrl": "https://assets.shop.loblaws.ca/products/20133884001/b2/en/front/20133884001_front_a06_@2.png"
                                        }
                                    ],
                                    "brand": null,
                                    "title": "Green Leaf Lettuce",
                                    "description": "Green leaf lettuce has loosely bunched leaves that are crisp and full-flavoured. Use green leaf lettuce in your next salad or as a topping for burgers and sandwiches.",
                                    "packageSizing": "1 ea, $2.99/1ea",
                                    "pricing": {
                                        "price": "2.99",
                                        "wasPrice": null,
                                        "displayPrice": "$2.99",
                                        "memberOnlyPrice": null,
                                        "mopDisplayPrice": null
                                    },
                                    "pricingUnits": {
                                        "type": "SOLD_BY_EACH",
                                        "unit": "ea",
                                        "interval": 1,
                                        "minOrderQuantity": 1,
                                        "maxOrderQuantity": 25,
                                        "weighted": false
                                    },
                                    "deal": null,
                                    "mopDeal": null,
                                    "pcoDeal": null,
                                    "inventoryIndicator": null,
                                    "offerType": "OG",
                                    "offerId": "OG",
                                    "action": null,
                                    "isVariant": false,
                                    "link": "/green-leaf-lettuce/p/20133884001_EA",
                                    "productVendor": null,
                                    "productVariant": null,
                                    "textBadge": "",
                                    "variantTheme": null,
                                    "articleNumber": "20133884001",
                                    "uom": "EA",
                                    "sponsoredCreative": null,
                                    "isSponsored": false,
                                    "isComplementarySponsored": false,
                                    "complementarySponsoredBadgeText": null,
                                    "productBadge": null
                                },
                                {
                                    "index": 38,
                                    "productId": "20717130001_EA",
                                    "productImage": [
                                        {
                                            "imageUrl": "https://assets.shop.loblaws.ca/products/20717130001/b2/en/front/20717130001_front_a06_@2.png",
                                            "smallUrl": "https://assets.shop.loblaws.ca/products/20717130001/b1/en/front/20717130001_front_a01_@2.png",
                                            "mediumUrl": "https://assets.shop.loblaws.ca/products/20717130001/b3/en/front/20717130001_front_a06_@2.png",
                                            "largeUrl": "https://assets.shop.loblaws.ca/products/20717130001/b2/en/front/20717130001_front_a06_@2.png",
                                            "smallRetinaUrl": "https://assets.shop.loblaws.ca/products/20717130001/b1/en/front/20717130001_front_a01_@2.png",
                                            "mediumRetinaUrl": "https://assets.shop.loblaws.ca/products/20717130001/b3/en/front/20717130001_front_a06_@2.png",
                                            "largeRetinaUrl": "https://assets.shop.loblaws.ca/products/20717130001/b2/en/front/20717130001_front_a06_@2.png"
                                        }
                                    ],
                                    "brand": "PC Organics",
                                    "title": "Organic Garlic",
                                    "description": "The President?s Choice Organics brand and the Canada Organic logo are your assurance that this product has been processed according to the principles of organic agriculture and production.",
                                    "packageSizing": "115 g, $3.47/100g",
                                    "pricing": {
                                        "price": "3.99",
                                        "wasPrice": null,
                                        "displayPrice": "$3.99",
                                        "memberOnlyPrice": null,
                                        "mopDisplayPrice": null
                                    },
                                    "pricingUnits": {
                                        "type": "SOLD_BY_EACH",
                                        "unit": "ea",
                                        "interval": 1,
                                        "minOrderQuantity": 1,
                                        "maxOrderQuantity": 25,
                                        "weighted": false
                                    },
                                    "deal": null,
                                    "mopDeal": null,
                                    "pcoDeal": null,
                                    "inventoryIndicator": null,
                                    "offerType": "OG",
                                    "offerId": "OG",
                                    "action": null,
                                    "isVariant": false,
                                    "link": "/organic-garlic/p/20717130001_EA",
                                    "productVendor": null,
                                    "productVariant": null,
                                    "textBadge": "",
                                    "variantTheme": null,
                                    "articleNumber": "20717130001",
                                    "uom": "EA",
                                    "sponsoredCreative": null,
                                    "isSponsored": false,
                                    "isComplementarySponsored": false,
                                    "complementarySponsoredBadgeText": null,
                                    "productBadge": null
                                },
                                {
                                    "index": 39,
                                    "productId": "20031454001_EA",
                                    "productImage": [
                                        {
                                            "imageUrl": "https://assets.shop.loblaws.ca/products/20031454001/b2/en/front/20031454001_front_a06_@2.png",
                                            "smallUrl": "https://assets.shop.loblaws.ca/products/20031454001/b1/en/front/20031454001_front_a01_@2.png",
                                            "mediumUrl": "https://assets.shop.loblaws.ca/products/20031454001/b3/en/front/20031454001_front_a06_@2.png",
                                            "largeUrl": "https://assets.shop.loblaws.ca/products/20031454001/b2/en/front/20031454001_front_a06_@2.png",
                                            "smallRetinaUrl": "https://assets.shop.loblaws.ca/products/20031454001/b1/en/front/20031454001_front_a01_@2.png",
                                            "mediumRetinaUrl": "https://assets.shop.loblaws.ca/products/20031454001/b3/en/front/20031454001_front_a06_@2.png",
                                            "largeRetinaUrl": "https://assets.shop.loblaws.ca/products/20031454001/b2/en/front/20031454001_front_a06_@2.png"
                                        }
                                    ],
                                    "brand": "Farmer's Market",
                                    "title": "Mini Carrots, 2 lb",
                                    "description": "Mini (or baby) carrots are harvested young and usually very tender and sweet. Because they are already peeled, baby carrots are a quick and easy snack for people of all ages. Enjoy baby carrots on their own, add them to your vegetable platter, or roast them with a little olive oil for an easy side dish.",
                                    "packageSizing": "907 g, $0.66/100g",
                                    "pricing": {
                                        "price": "5.99",
                                        "wasPrice": null,
                                        "displayPrice": "$5.99",
                                        "memberOnlyPrice": null,
                                        "mopDisplayPrice": null
                                    },
                                    "pricingUnits": {
                                        "type": "SOLD_BY_EACH",
                                        "unit": "ea",
                                        "interval": 1,
                                        "minOrderQuantity": 1,
                                        "maxOrderQuantity": 25,
                                        "weighted": false
                                    },
                                    "deal": null,
                                    "mopDeal": null,
                                    "pcoDeal": null,
                                    "inventoryIndicator": null,
                                    "offerType": "OG",
                                    "offerId": "OG",
                                    "action": null,
                                    "isVariant": false,
                                    "link": "/mini-carrots-2-lb/p/20031454001_EA",
                                    "productVendor": null,
                                    "productVariant": null,
                                    "textBadge": "",
                                    "variantTheme": null,
                                    "articleNumber": "20031454001",
                                    "uom": "EA",
                                    "sponsoredCreative": null,
                                    "isSponsored": false,
                                    "isComplementarySponsored": false,
                                    "complementarySponsoredBadgeText": null,
                                    "productBadge": null
                                },
                                {
                                    "index": 40,
                                    "productId": "20793034001_KG",
                                    "productImage": [
                                        {
                                            "imageUrl": "https://assets.shop.loblaws.ca/products/20793034001/b2/en/front/20793034001_front_a06_@2.png",
                                            "smallUrl": "https://assets.shop.loblaws.ca/products/20793034001/b1/en/front/20793034001_front_a01_@2.png",
                                            "mediumUrl": "https://assets.shop.loblaws.ca/products/20793034001/b3/en/front/20793034001_front_a06_@2.png",
                                            "largeUrl": "https://assets.shop.loblaws.ca/products/20793034001/b2/en/front/20793034001_front_a06_@2.png",
                                            "smallRetinaUrl": "https://assets.shop.loblaws.ca/products/20793034001/b1/en/front/20793034001_front_a01_@2.png",
                                            "mediumRetinaUrl": "https://assets.shop.loblaws.ca/products/20793034001/b3/en/front/20793034001_front_a06_@2.png",
                                            "largeRetinaUrl": "https://assets.shop.loblaws.ca/products/20793034001/b2/en/front/20793034001_front_a06_@2.png"
                                        }
                                    ],
                                    "brand": null,
                                    "title": "Cabbage, Green",
                                    "description": "Cabbages are cruciferous vegetables that range in size, shape, and colour. Green cabbage heads have tightly wrapped leaves with a mild, spicy flavour that can be eaten raw or cooked. Shred cabbage for salad or slaw, or cut into wedges and roast with olive oil and lemon.",
                                    "packageSizing": "$2.84/1kg $1.29/1lb",
                                    "pricing": {
                                        "price": "4.77",
                                        "wasPrice": null,
                                        "displayPrice": "about $4.77",
                                        "memberOnlyPrice": null,
                                        "mopDisplayPrice": null
                                    },
                                    "pricingUnits": {
                                        "type": "SOLD_BY_EACH_PRICED_BY_WEIGHT",
                                        "unit": "ea",
                                        "interval": 1,
                                        "minOrderQuantity": 1,
                                        "maxOrderQuantity": 25,
                                        "weighted": false
                                    },
                                    "deal": null,
                                    "mopDeal": null,
                                    "pcoDeal": null,
                                    "inventoryIndicator": null,
                                    "offerType": "OG",
                                    "offerId": "OG",
                                    "action": null,
                                    "isVariant": false,
                                    "link": "/cabbage-green/p/20793034001_KG",
                                    "productVendor": null,
                                    "productVariant": null,
                                    "textBadge": "",
                                    "variantTheme": null,
                                    "articleNumber": "20793034001",
                                    "uom": "KG",
                                    "sponsoredCreative": null,
                                    "isSponsored": false,
                                    "isComplementarySponsored": false,
                                    "complementarySponsoredBadgeText": null,
                                    "productBadge": null
                                },
                                {
                                    "index": 41,
                                    "productId": "21021499_EA",
                                    "productImage": [
                                        {
                                            "imageUrl": "https://assets.shop.loblaws.ca/products/21021499/b2/en/front/21021499_front_a06_@2.png",
                                            "smallUrl": "https://assets.shop.loblaws.ca/products/21021499/b1/en/front/21021499_front_a01_@2.png",
                                            "mediumUrl": "https://assets.shop.loblaws.ca/products/21021499/b3/en/front/21021499_front_a06_@2.png",
                                            "largeUrl": "https://assets.shop.loblaws.ca/products/21021499/b2/en/front/21021499_front_a06_@2.png",
                                            "smallRetinaUrl": "https://assets.shop.loblaws.ca/products/21021499/b1/en/front/21021499_front_a01_@2.png",
                                            "mediumRetinaUrl": "https://assets.shop.loblaws.ca/products/21021499/b3/en/front/21021499_front_a06_@2.png",
                                            "largeRetinaUrl": "https://assets.shop.loblaws.ca/products/21021499/b2/en/front/21021499_front_a06_@2.png"
                                        }
                                    ],
                                    "brand": "PC Organics",
                                    "title": "White Mushrooms",
                                    "description": "<p><br></p>",
                                    "packageSizing": "227 g, $1.54/100g",
                                    "pricing": {
                                        "price": "3.49",
                                        "wasPrice": null,
                                        "displayPrice": "$3.49",
                                        "memberOnlyPrice": null,
                                        "mopDisplayPrice": null
                                    },
                                    "pricingUnits": {
                                        "type": "SOLD_BY_EACH",
                                        "unit": "ea",
                                        "interval": 1,
                                        "minOrderQuantity": 1,
                                        "maxOrderQuantity": 25,
                                        "weighted": false
                                    },
                                    "deal": {
                                        "type": "MULTI",
                                        "text": "$3.00 MIN 2",
                                        "points": 0,
                                        "name": "MULTI",
                                        "expiryDate": null,
                                        "dealPrice": null
                                    },
                                    "mopDeal": null,
                                    "pcoDeal": null,
                                    "inventoryIndicator": null,
                                    "offerType": "OG",
                                    "offerId": "OG",
                                    "action": null,
                                    "isVariant": false,
                                    "link": "/white-mushrooms/p/21021499_EA",
                                    "productVendor": null,
                                    "productVariant": null,
                                    "textBadge": "",
                                    "variantTheme": null,
                                    "articleNumber": "21021499",
                                    "uom": "EA",
                                    "sponsoredCreative": null,
                                    "isSponsored": false,
                                    "isComplementarySponsored": false,
                                    "complementarySponsoredBadgeText": null,
                                    "productBadge": null
                                },
                                {
                                    "index": 42,
                                    "productId": "21247300001_EA",
                                    "productImage": [
                                        {
                                            "imageUrl": "https://assets.shop.loblaws.ca/products/21247300001/b2/en/front/21247300001_front_a06_@2.png",
                                            "smallUrl": "https://assets.shop.loblaws.ca/products/21247300001/b1/en/front/21247300001_front_a01_@2.png",
                                            "mediumUrl": "https://assets.shop.loblaws.ca/products/21247300001/b3/en/front/21247300001_front_a06_@2.png",
                                            "largeUrl": "https://assets.shop.loblaws.ca/products/21247300001/b2/en/front/21247300001_front_a06_@2.png",
                                            "smallRetinaUrl": "https://assets.shop.loblaws.ca/products/21247300001/b1/en/front/21247300001_front_a01_@2.png",
                                            "mediumRetinaUrl": "https://assets.shop.loblaws.ca/products/21247300001/b3/en/front/21247300001_front_a06_@2.png",
                                            "largeRetinaUrl": "https://assets.shop.loblaws.ca/products/21247300001/b2/en/front/21247300001_front_a06_@2.png"
                                        }
                                    ],
                                    "brand": "President's Choice",
                                    "title": "Yellow Mini Potatoes",
                                    "description": null,
                                    "packageSizing": "0.68 kg, $0.73/100g",
                                    "pricing": {
                                        "price": "4.99",
                                        "wasPrice": null,
                                        "displayPrice": "$4.99",
                                        "memberOnlyPrice": null,
                                        "mopDisplayPrice": null
                                    },
                                    "pricingUnits": {
                                        "type": "SOLD_BY_EACH",
                                        "unit": "ea",
                                        "interval": 1,
                                        "minOrderQuantity": 1,
                                        "maxOrderQuantity": 25,
                                        "weighted": false
                                    },
                                    "deal": null,
                                    "mopDeal": null,
                                    "pcoDeal": null,
                                    "inventoryIndicator": null,
                                    "offerType": "OG",
                                    "offerId": "OG",
                                    "action": null,
                                    "isVariant": false,
                                    "link": "/yellow-mini-potatoes/p/21247300001_EA",
                                    "productVendor": null,
                                    "productVariant": null,
                                    "textBadge": "",
                                    "variantTheme": null,
                                    "articleNumber": "21247300001",
                                    "uom": "EA",
                                    "sponsoredCreative": null,
                                    "isSponsored": false,
                                    "isComplementarySponsored": false,
                                    "complementarySponsoredBadgeText": null,
                                    "productBadge": null
                                },
                                {
                                    "index": 43,
                                    "productId": "20166880001_KG",
                                    "productImage": [
                                        {
                                            "imageUrl": "https://assets.shop.loblaws.ca/products/20166880001/b2/en/front/20166880001_front_a06_@2.png",
                                            "smallUrl": "https://assets.shop.loblaws.ca/products/20166880001/b1/en/front/20166880001_front_a01_@2.png",
                                            "mediumUrl": "https://assets.shop.loblaws.ca/products/20166880001/b3/en/front/20166880001_front_a06_@2.png",
                                            "largeUrl": "https://assets.shop.loblaws.ca/products/20166880001/b2/en/front/20166880001_front_a06_@2.png",
                                            "smallRetinaUrl": "https://assets.shop.loblaws.ca/products/20166880001/b1/en/front/20166880001_front_a01_@2.png",
                                            "mediumRetinaUrl": "https://assets.shop.loblaws.ca/products/20166880001/b3/en/front/20166880001_front_a06_@2.png",
                                            "largeRetinaUrl": "https://assets.shop.loblaws.ca/products/20166880001/b2/en/front/20166880001_front_a06_@2.png"
                                        }
                                    ],
                                    "brand": null,
                                    "title": "Greenhouse Peppers, Orange",
                                    "description": "Orange bell peppers have a bright orange skin and sweet flavour. Their flesh is crisp and juicy, perfect for enjoying raw with dips or hummus. Orange bell peppers will add some colour to your stir-fry and are also perfect for grilling.",
                                    "packageSizing": "$9.90/1kg $4.49/1lb",
                                    "pricing": {
                                        "price": "2.38",
                                        "wasPrice": null,
                                        "displayPrice": "about $2.38",
                                        "memberOnlyPrice": null,
                                        "mopDisplayPrice": null
                                    },
                                    "pricingUnits": {
                                        "type": "SOLD_BY_EACH_PRICED_BY_WEIGHT",
                                        "unit": "ea",
                                        "interval": 1,
                                        "minOrderQuantity": 1,
                                        "maxOrderQuantity": 25,
                                        "weighted": false
                                    },
                                    "deal": null,
                                    "mopDeal": null,
                                    "pcoDeal": null,
                                    "inventoryIndicator": null,
                                    "offerType": "OG",
                                    "offerId": "OG",
                                    "action": null,
                                    "isVariant": false,
                                    "link": "/greenhouse-peppers-orange/p/20166880001_KG",
                                    "productVendor": null,
                                    "productVariant": null,
                                    "textBadge": "",
                                    "variantTheme": null,
                                    "articleNumber": "20166880001",
                                    "uom": "KG",
                                    "sponsoredCreative": null,
                                    "isSponsored": false,
                                    "isComplementarySponsored": false,
                                    "complementarySponsoredBadgeText": null,
                                    "productBadge": null
                                },
                                {
                                    "index": 44,
                                    "productId": "20003839001_KG",
                                    "productImage": [
                                        {
                                            "imageUrl": "https://assets.shop.loblaws.ca/products/20003839001/b2/en/front/20003839001_front_a06_@2.png",
                                            "smallUrl": "https://assets.shop.loblaws.ca/products/20003839001/b1/en/front/20003839001_front_a01_@2.png",
                                            "mediumUrl": "https://assets.shop.loblaws.ca/products/20003839001/b3/en/front/20003839001_front_a06_@2.png",
                                            "largeUrl": "https://assets.shop.loblaws.ca/products/20003839001/b2/en/front/20003839001_front_a06_@2.png",
                                            "smallRetinaUrl": "https://assets.shop.loblaws.ca/products/20003839001/b1/en/front/20003839001_front_a01_@2.png",
                                            "mediumRetinaUrl": "https://assets.shop.loblaws.ca/products/20003839001/b3/en/front/20003839001_front_a06_@2.png",
                                            "largeRetinaUrl": "https://assets.shop.loblaws.ca/products/20003839001/b2/en/front/20003839001_front_a06_@2.png"
                                        }
                                    ],
                                    "brand": null,
                                    "title": "White Onion",
                                    "description": "White onions have a white papery skin and white sharp-tasting flesh. They can be used raw and hold their crunch well when cooked. Chop for salsas and chutneys, or slice and grill with bell peppers for a quick side dish to serve with steak.",
                                    "packageSizing": "$8.80/1kg $3.99/1lb",
                                    "pricing": {
                                        "price": "3.26",
                                        "wasPrice": null,
                                        "displayPrice": "about $3.26",
                                        "memberOnlyPrice": null,
                                        "mopDisplayPrice": null
                                    },
                                    "pricingUnits": {
                                        "type": "SOLD_BY_EACH_PRICED_BY_WEIGHT",
                                        "unit": "ea",
                                        "interval": 1,
                                        "minOrderQuantity": 1,
                                        "maxOrderQuantity": 25,
                                        "weighted": false
                                    },
                                    "deal": null,
                                    "mopDeal": null,
                                    "pcoDeal": null,
                                    "inventoryIndicator": null,
                                    "offerType": "OG",
                                    "offerId": "OG",
                                    "action": null,
                                    "isVariant": false,
                                    "link": "/white-onion/p/20003839001_KG",
                                    "productVendor": null,
                                    "productVariant": null,
                                    "textBadge": "",
                                    "variantTheme": null,
                                    "articleNumber": "20003839001",
                                    "uom": "KG",
                                    "sponsoredCreative": null,
                                    "isSponsored": false,
                                    "isComplementarySponsored": false,
                                    "complementarySponsoredBadgeText": null,
                                    "productBadge": null
                                },
                                {
                                    "index": 45,
                                    "productId": "21456117001_KG",
                                    "productImage": [
                                        {
                                            "imageUrl": "https://assets.shop.loblaws.ca/products/21456117001/b2/en/front/21456117001_front_a06_@2.png",
                                            "smallUrl": "https://assets.shop.loblaws.ca/products/21456117001/b1/en/front/21456117001_front_a01_@2.png",
                                            "mediumUrl": "https://assets.shop.loblaws.ca/products/21456117001/b3/en/front/21456117001_front_a06_@2.png",
                                            "largeUrl": "https://assets.shop.loblaws.ca/products/21456117001/b2/en/front/21456117001_front_a06_@2.png",
                                            "smallRetinaUrl": "https://assets.shop.loblaws.ca/products/21456117001/b1/en/front/21456117001_front_a01_@2.png",
                                            "mediumRetinaUrl": "https://assets.shop.loblaws.ca/products/21456117001/b3/en/front/21456117001_front_a06_@2.png",
                                            "largeRetinaUrl": "https://assets.shop.loblaws.ca/products/21456117001/b2/en/front/21456117001_front_a06_@2.png"
                                        }
                                    ],
                                    "brand": null,
                                    "title": "Radicchio Treviso",
                                    "description": null,
                                    "packageSizing": "$1.32/100g",
                                    "pricing": {
                                        "price": "13.21",
                                        "wasPrice": null,
                                        "displayPrice": "$13.21",
                                        "memberOnlyPrice": null,
                                        "mopDisplayPrice": null
                                    },
                                    "pricingUnits": {
                                        "type": "SOLD_BY_WEIGHT",
                                        "unit": "kg",
                                        "interval": 1,
                                        "minOrderQuantity": 1,
                                        "maxOrderQuantity": 25,
                                        "weighted": true
                                    },
                                    "deal": null,
                                    "mopDeal": null,
                                    "pcoDeal": null,
                                    "inventoryIndicator": {
                                        "indicatorId": "OUT",
                                        "text": "Out of Stock"
                                    },
                                    "offerType": "OG",
                                    "offerId": "OG",
                                    "action": null,
                                    "isVariant": false,
                                    "link": "/radicchio-treviso/p/21456117001_KG",
                                    "productVendor": null,
                                    "productVariant": null,
                                    "textBadge": "out-of-stock",
                                    "variantTheme": null,
                                    "articleNumber": "21456117001",
                                    "uom": "KG",
                                    "sponsoredCreative": null,
                                    "isSponsored": false,
                                    "isComplementarySponsored": false,
                                    "complementarySponsoredBadgeText": null,
                                    "productBadge": null
                                },
                                {
                                    "index": 46,
                                    "productId": "20051060001_KG",
                                    "productImage": [
                                        {
                                            "imageUrl": "https://assets.shop.loblaws.ca/products/20051060001/b2/en/front/20051060001_front_a06_@2.png",
                                            "smallUrl": "https://assets.shop.loblaws.ca/products/20051060001/b1/en/front/20051060001_front_a01_@2.png",
                                            "mediumUrl": "https://assets.shop.loblaws.ca/products/20051060001/b3/en/front/20051060001_front_a06_@2.png",
                                            "largeUrl": "https://assets.shop.loblaws.ca/products/20051060001/b2/en/front/20051060001_front_a06_@2.png",
                                            "smallRetinaUrl": "https://assets.shop.loblaws.ca/products/20051060001/b1/en/front/20051060001_front_a01_@2.png",
                                            "mediumRetinaUrl": "https://assets.shop.loblaws.ca/products/20051060001/b3/en/front/20051060001_front_a06_@2.png",
                                            "largeRetinaUrl": "https://assets.shop.loblaws.ca/products/20051060001/b2/en/front/20051060001_front_a06_@2.png"
                                        }
                                    ],
                                    "brand": null,
                                    "title": "Organic Butternut Squash",
                                    "description": "Butternut squash is a pear-shaped winter squash with smooth tan skin and sweet orange flesh. It has a rich, nutty flavour and can generally be used in recipes that call for sweet potatoes. Try butternut squash roasted over a kale salad with goat cheese, or cook and blend for soup.",
                                    "packageSizing": "$6.59/1kg $2.99/1lb",
                                    "pricing": {
                                        "price": "9.36",
                                        "wasPrice": null,
                                        "displayPrice": "about $9.36",
                                        "memberOnlyPrice": null,
                                        "mopDisplayPrice": null
                                    },
                                    "pricingUnits": {
                                        "type": "SOLD_BY_EACH_PRICED_BY_WEIGHT",
                                        "unit": "ea",
                                        "interval": 1,
                                        "minOrderQuantity": 1,
                                        "maxOrderQuantity": 25,
                                        "weighted": false
                                    },
                                    "deal": null,
                                    "mopDeal": null,
                                    "pcoDeal": null,
                                    "inventoryIndicator": null,
                                    "offerType": "OG",
                                    "offerId": "OG",
                                    "action": null,
                                    "isVariant": false,
                                    "link": "/organic-butternut-squash/p/20051060001_KG",
                                    "productVendor": null,
                                    "productVariant": null,
                                    "textBadge": "",
                                    "variantTheme": null,
                                    "articleNumber": "20051060001",
                                    "uom": "KG",
                                    "sponsoredCreative": null,
                                    "isSponsored": false,
                                    "isComplementarySponsored": false,
                                    "complementarySponsoredBadgeText": null,
                                    "productBadge": null
                                },
                                {
                                    "index": 47,
                                    "productId": "20760903_KG",
                                    "productImage": [
                                        {
                                            "imageUrl": "https://assets.shop.loblaws.ca/products/20760903/b2/en/front/20760903_front_a06_@2.png",
                                            "smallUrl": "https://assets.shop.loblaws.ca/products/20760903/b1/en/front/20760903_front_a01_@2.png",
                                            "mediumUrl": "https://assets.shop.loblaws.ca/products/20760903/b3/en/front/20760903_front_a06_@2.png",
                                            "largeUrl": "https://assets.shop.loblaws.ca/products/20760903/b2/en/front/20760903_front_a06_@2.png",
                                            "smallRetinaUrl": "https://assets.shop.loblaws.ca/products/20760903/b1/en/front/20760903_front_a01_@2.png",
                                            "mediumRetinaUrl": "https://assets.shop.loblaws.ca/products/20760903/b3/en/front/20760903_front_a06_@2.png",
                                            "largeRetinaUrl": "https://assets.shop.loblaws.ca/products/20760903/b2/en/front/20760903_front_a06_@2.png"
                                        },
                                        {
                                            "imageUrl": "https://assets.shop.loblaws.ca/products/20760903/b2/en/angle/20760903_angle_a06_@2.png",
                                            "smallUrl": "https://assets.shop.loblaws.ca/products/20760903/b1/en/angle/20760903_angle_a01_@2.png",
                                            "mediumUrl": "https://assets.shop.loblaws.ca/products/20760903/b3/en/angle/20760903_angle_a06_@2.png",
                                            "largeUrl": "https://assets.shop.loblaws.ca/products/20760903/b2/en/angle/20760903_angle_a06_@2.png",
                                            "smallRetinaUrl": "https://assets.shop.loblaws.ca/products/20760903/b1/en/angle/20760903_angle_a01_@2.png",
                                            "mediumRetinaUrl": "https://assets.shop.loblaws.ca/products/20760903/b3/en/angle/20760903_angle_a06_@2.png",
                                            "largeRetinaUrl": "https://assets.shop.loblaws.ca/products/20760903/b2/en/angle/20760903_angle_a06_@2.png"
                                        }
                                    ],
                                    "brand": null,
                                    "title": "Bluefoot Mushrooms",
                                    "description": "Bluefoot, or blewit, mushrooms have flat, smooth caps and thick, lilac-stained stems. They are fragrant with a strong flavour and can be used in the same ways as white mushrooms. Try bluefoot mushrooms cooked in sauces and stir-fries, or saut\u00e9ed as a simple side dish.",
                                    "packageSizing": "$7.70/100g $77.03/1kg",
                                    "pricing": {
                                        "price": "1.93",
                                        "wasPrice": null,
                                        "displayPrice": "$1.93",
                                        "memberOnlyPrice": null,
                                        "mopDisplayPrice": null
                                    },
                                    "pricingUnits": {
                                        "type": "SOLD_BY_WEIGHT",
                                        "unit": "g",
                                        "interval": 25,
                                        "minOrderQuantity": 25,
                                        "maxOrderQuantity": 999,
                                        "weighted": true
                                    },
                                    "deal": null,
                                    "mopDeal": null,
                                    "pcoDeal": null,
                                    "inventoryIndicator": {
                                        "indicatorId": "OUT",
                                        "text": "Out of Stock"
                                    },
                                    "offerType": "OG",
                                    "offerId": "OG",
                                    "action": null,
                                    "isVariant": false,
                                    "link": "/bluefoot-mushrooms/p/20760903_KG",
                                    "productVendor": null,
                                    "productVariant": null,
                                    "textBadge": "out-of-stock",
                                    "variantTheme": null,
                                    "articleNumber": "20760903",
                                    "uom": "KG",
                                    "sponsoredCreative": null,
                                    "isSponsored": false,
                                    "isComplementarySponsored": false,
                                    "complementarySponsoredBadgeText": null,
                                    "productBadge": null
                                },
                                {
                                    "index": 48,
                                    "productId": "21037049_EA",
                                    "productImage": [
                                        {
                                            "imageUrl": "https://assets.shop.loblaws.ca/products/21037049/b2/en/front/21037049_front_a06_@2.png",
                                            "smallUrl": "https://assets.shop.loblaws.ca/products/21037049/b1/en/front/21037049_front_a01_@2.png",
                                            "mediumUrl": "https://assets.shop.loblaws.ca/products/21037049/b3/en/front/21037049_front_a06_@2.png",
                                            "largeUrl": "https://assets.shop.loblaws.ca/products/21037049/b2/en/front/21037049_front_a06_@2.png",
                                            "smallRetinaUrl": "https://assets.shop.loblaws.ca/products/21037049/b1/en/front/21037049_front_a01_@2.png",
                                            "mediumRetinaUrl": "https://assets.shop.loblaws.ca/products/21037049/b3/en/front/21037049_front_a06_@2.png",
                                            "largeRetinaUrl": "https://assets.shop.loblaws.ca/products/21037049/b2/en/front/21037049_front_a06_@2.png"
                                        },
                                        {
                                            "imageUrl": "https://assets.shop.loblaws.ca/products/21037049/b2/en/top/21037049_top_a06_@2.png",
                                            "smallUrl": "https://assets.shop.loblaws.ca/products/21037049/b1/en/top/21037049_top_a01_@2.png",
                                            "mediumUrl": "https://assets.shop.loblaws.ca/products/21037049/b3/en/top/21037049_top_a06_@2.png",
                                            "largeUrl": "https://assets.shop.loblaws.ca/products/21037049/b2/en/top/21037049_top_a06_@2.png",
                                            "smallRetinaUrl": "https://assets.shop.loblaws.ca/products/21037049/b1/en/top/21037049_top_a01_@2.png",
                                            "mediumRetinaUrl": "https://assets.shop.loblaws.ca/products/21037049/b3/en/top/21037049_top_a06_@2.png",
                                            "largeRetinaUrl": "https://assets.shop.loblaws.ca/products/21037049/b2/en/top/21037049_top_a06_@2.png"
                                        }
                                    ],
                                    "brand": null,
                                    "title": "Snow Pea Sprouts",
                                    "description": null,
                                    "packageSizing": "75 g, $3.99/100g",
                                    "pricing": {
                                        "price": "2.99",
                                        "wasPrice": null,
                                        "displayPrice": "$2.99",
                                        "memberOnlyPrice": null,
                                        "mopDisplayPrice": null
                                    },
                                    "pricingUnits": {
                                        "type": "SOLD_BY_EACH",
                                        "unit": "ea",
                                        "interval": 1,
                                        "minOrderQuantity": 1,
                                        "maxOrderQuantity": 25,
                                        "weighted": false
                                    },
                                    "deal": null,
                                    "mopDeal": null,
                                    "pcoDeal": null,
                                    "inventoryIndicator": {
                                        "indicatorId": "OUT",
                                        "text": "Out of Stock"
                                    },
                                    "offerType": "OG",
                                    "offerId": "OG",
                                    "action": null,
                                    "isVariant": false,
                                    "link": "/snow-pea-sprouts/p/21037049_EA",
                                    "productVendor": null,
                                    "productVariant": null,
                                    "textBadge": "out-of-stock",
                                    "variantTheme": null,
                                    "articleNumber": "21037049",
                                    "uom": "EA",
                                    "sponsoredCreative": null,
                                    "isSponsored": false,
                                    "isComplementarySponsored": false,
                                    "complementarySponsoredBadgeText": null,
                                    "productBadge": null
                                }
                            ],
                            "analytics": null
                        }
                    },
                    {
                        "componentId": "productCarouselComponent",
                        "contentId": "2stceKe1P6BiifWYiHtgXK",
                        "variantId": null,
                        "id": "2stceKe1P6BiifWYiHtgXK-28194",
                        "data": {
                            "headline": "Fresh Fruits",
                            "isSponsored": null,
                            "callToAction": {
                                "text": "Shop all",
                                "url": "/food/fruits-vegetables/fresh-fruits/c/28194"
                            },
                            "headerGroup": null,
                            "productTiles": [
                                {
                                    "index": 1,
                                    "productId": "20175355001_KG",
                                    "productImage": [
                                        {
                                            "imageUrl": "https://assets.shop.loblaws.ca/products/20175355001/b2/en/front/20175355001_front_a06_@2.png",
                                            "smallUrl": "https://assets.shop.loblaws.ca/products/20175355001/b1/en/front/20175355001_front_a01_@2.png",
                                            "mediumUrl": "https://assets.shop.loblaws.ca/products/20175355001/b3/en/front/20175355001_front_a06_@2.png",
                                            "largeUrl": "https://assets.shop.loblaws.ca/products/20175355001/b2/en/front/20175355001_front_a06_@2.png",
                                            "smallRetinaUrl": "https://assets.shop.loblaws.ca/products/20175355001/b1/en/front/20175355001_front_a01_@2.png",
                                            "mediumRetinaUrl": "https://assets.shop.loblaws.ca/products/20175355001/b3/en/front/20175355001_front_a06_@2.png",
                                            "largeRetinaUrl": "https://assets.shop.loblaws.ca/products/20175355001/b2/en/front/20175355001_front_a06_@2.png"
                                        }
                                    ],
                                    "brand": null,
                                    "title": "Bananas, Bunch",
                                    "description": "<p>Sold by the bunch.</p><p>Average bunch has 6-8 bananas.</p><p> Bananas are typically 6-10 inches long and have a green peel when unripe. They taste best when the peel turns yellow and is speckled with dark spots. </p>",
                                    "packageSizing": "$1.52/1kg $0.69/1lb",
                                    "pricing": {
                                        "price": "1.75",
                                        "wasPrice": null,
                                        "displayPrice": "about $1.75",
                                        "memberOnlyPrice": null,
                                        "mopDisplayPrice": null
                                    },
                                    "pricingUnits": {
                                        "type": "SOLD_BY_EACH_PRICED_BY_WEIGHT",
                                        "unit": "ea",
                                        "interval": 1,
                                        "minOrderQuantity": 1,
                                        "maxOrderQuantity": 25,
                                        "weighted": false
                                    },
                                    "deal": null,
                                    "mopDeal": null,
                                    "pcoDeal": null,
                                    "inventoryIndicator": null,
                                    "offerType": "OG",
                                    "offerId": "OG",
                                    "action": null,
                                    "isVariant": false,
                                    "link": "/bananas-bunch/p/20175355001_KG",
                                    "productVendor": null,
                                    "productVariant": null,
                                    "textBadge": "",
                                    "variantTheme": null,
                                    "articleNumber": "20175355001",
                                    "uom": "KG",
                                    "sponsoredCreative": null,
                                    "isSponsored": false,
                                    "isComplementarySponsored": false,
                                    "complementarySponsoredBadgeText": null,
                                    "productBadge": null
                                },
                                {
                                    "index": 2,
                                    "productId": "20067326001_EA",
                                    "productImage": [
                                        {
                                            "imageUrl": "https://assets.shop.loblaws.ca/products/20067326001/b2/en/front/20067326001_front_a06_@2.png",
                                            "smallUrl": "https://assets.shop.loblaws.ca/products/20067326001/b1/en/front/20067326001_front_a01_@2.png",
                                            "mediumUrl": "https://assets.shop.loblaws.ca/products/20067326001/b3/en/front/20067326001_front_a06_@2.png",
                                            "largeUrl": "https://assets.shop.loblaws.ca/products/20067326001/b2/en/front/20067326001_front_a06_@2.png",
                                            "smallRetinaUrl": "https://assets.shop.loblaws.ca/products/20067326001/b1/en/front/20067326001_front_a01_@2.png",
                                            "mediumRetinaUrl": "https://assets.shop.loblaws.ca/products/20067326001/b3/en/front/20067326001_front_a06_@2.png",
                                            "largeRetinaUrl": "https://assets.shop.loblaws.ca/products/20067326001/b2/en/front/20067326001_front_a06_@2.png"
                                        }
                                    ],
                                    "brand": null,
                                    "title": "Red Seedless Watermelon",
                                    "description": "Average weight is 11 lb.<br>Watermelons come in a variety of shapes and colours, either with seeds or not. They are all sweet and juicy with a crisp flesh and watery texture. Sliced watermelon tastes great on its own, or you can toss watermelon cubes with some feta cheese and fresh mint for a summer salad.",
                                    "packageSizing": "1 ea, $6.99/1ea",
                                    "pricing": {
                                        "price": "6.99",
                                        "wasPrice": "$10.99",
                                        "displayPrice": "$6.99",
                                        "memberOnlyPrice": null,
                                        "mopDisplayPrice": null
                                    },
                                    "pricingUnits": {
                                        "type": "SOLD_BY_EACH",
                                        "unit": "ea",
                                        "interval": 1,
                                        "minOrderQuantity": 1,
                                        "maxOrderQuantity": 25,
                                        "weighted": false
                                    },
                                    "deal": {
                                        "type": "SALE",
                                        "text": "SAVE $4.00",
                                        "points": 0,
                                        "name": "SALE",
                                        "expiryDate": "2024-07-10T00:00:00Z",
                                        "dealPrice": null
                                    },
                                    "mopDeal": null,
                                    "pcoDeal": null,
                                    "inventoryIndicator": null,
                                    "offerType": "OG",
                                    "offerId": "OG",
                                    "action": null,
                                    "isVariant": false,
                                    "link": "/red-seedless-watermelon/p/20067326001_EA",
                                    "productVendor": null,
                                    "productVariant": null,
                                    "textBadge": "",
                                    "variantTheme": null,
                                    "articleNumber": "20067326001",
                                    "uom": "EA",
                                    "sponsoredCreative": null,
                                    "isSponsored": false,
                                    "isComplementarySponsored": false,
                                    "complementarySponsoredBadgeText": null,
                                    "productBadge": null
                                },
                                {
                                    "index": 3,
                                    "productId": "20159690001_KG",
                                    "productImage": [
                                        {
                                            "imageUrl": "https://assets.shop.loblaws.ca/products/20159690001/b2/en/front/20159690001_front_a06_@2.png",
                                            "smallUrl": "https://assets.shop.loblaws.ca/products/20159690001/b1/en/front/20159690001_front_a01_@2.png",
                                            "mediumUrl": "https://assets.shop.loblaws.ca/products/20159690001/b3/en/front/20159690001_front_a06_@2.png",
                                            "largeUrl": "https://assets.shop.loblaws.ca/products/20159690001/b2/en/front/20159690001_front_a06_@2.png",
                                            "smallRetinaUrl": "https://assets.shop.loblaws.ca/products/20159690001/b1/en/front/20159690001_front_a01_@2.png",
                                            "mediumRetinaUrl": "https://assets.shop.loblaws.ca/products/20159690001/b3/en/front/20159690001_front_a06_@2.png",
                                            "largeRetinaUrl": "https://assets.shop.loblaws.ca/products/20159690001/b2/en/front/20159690001_front_a06_@2.png"
                                        }
                                    ],
                                    "brand": null,
                                    "title": "Red Cherries",
                                    "description": "Cherries are firm, juicy, and sweet and turn from dark red to almost black when fully ripe. Cherries are excellent in salads and a classic choice for a freshly baked pie. You can also poach cherries to use as a topping for yogurt or waffles.",
                                    "packageSizing": "$5.38/1kg $2.44/1lb",
                                    "pricing": {
                                        "price": "4.79",
                                        "wasPrice": "$17.64",
                                        "displayPrice": "about $4.79",
                                        "memberOnlyPrice": null,
                                        "mopDisplayPrice": null
                                    },
                                    "pricingUnits": {
                                        "type": "SOLD_BY_EACH_PRICED_BY_WEIGHT",
                                        "unit": "ea",
                                        "interval": 1,
                                        "minOrderQuantity": 1,
                                        "maxOrderQuantity": 25,
                                        "weighted": false
                                    },
                                    "deal": {
                                        "type": "SALE",
                                        "text": "SAVE $12.85",
                                        "points": 0,
                                        "name": "SALE",
                                        "expiryDate": "2024-07-10T00:00:00Z",
                                        "dealPrice": null
                                    },
                                    "mopDeal": null,
                                    "pcoDeal": null,
                                    "inventoryIndicator": null,
                                    "offerType": "OG",
                                    "offerId": "OG",
                                    "action": null,
                                    "isVariant": false,
                                    "link": "/red-cherries/p/20159690001_KG",
                                    "productVendor": null,
                                    "productVariant": null,
                                    "textBadge": "",
                                    "variantTheme": null,
                                    "articleNumber": "20159690001",
                                    "uom": "KG",
                                    "sponsoredCreative": null,
                                    "isSponsored": false,
                                    "isComplementarySponsored": false,
                                    "complementarySponsoredBadgeText": null,
                                    "productBadge": null
                                },
                                {
                                    "index": 4,
                                    "productId": "20080137001_EA",
                                    "productImage": [
                                        {
                                            "imageUrl": "https://assets.shop.loblaws.ca/products/20080137001/b2/en/front/20080137001_front_a06_@2.png",
                                            "smallUrl": "https://assets.shop.loblaws.ca/products/20080137001/b1/en/front/20080137001_front_a01_@2.png",
                                            "mediumUrl": "https://assets.shop.loblaws.ca/products/20080137001/b3/en/front/20080137001_front_a06_@2.png",
                                            "largeUrl": "https://assets.shop.loblaws.ca/products/20080137001/b2/en/front/20080137001_front_a06_@2.png",
                                            "smallRetinaUrl": "https://assets.shop.loblaws.ca/products/20080137001/b1/en/front/20080137001_front_a01_@2.png",
                                            "mediumRetinaUrl": "https://assets.shop.loblaws.ca/products/20080137001/b3/en/front/20080137001_front_a06_@2.png",
                                            "largeRetinaUrl": "https://assets.shop.loblaws.ca/products/20080137001/b2/en/front/20080137001_front_a06_@2.png"
                                        }
                                    ],
                                    "brand": null,
                                    "title": "Blueberries 1 pint",
                                    "description": "Blueberries range in colour from a deep purple-blue to a blue-black, both with a silvery sheen called bloom. Sweeten your morning by sprinkling blueberries on your cereal or pancakes, or add blueberries to a spinach salad with pecans and blue cheese.",
                                    "packageSizing": "340 g, $1.47/100g",
                                    "pricing": {
                                        "price": "4.99",
                                        "wasPrice": null,
                                        "displayPrice": "$4.99",
                                        "memberOnlyPrice": null,
                                        "mopDisplayPrice": null
                                    },
                                    "pricingUnits": {
                                        "type": "SOLD_BY_EACH",
                                        "unit": "ea",
                                        "interval": 1,
                                        "minOrderQuantity": 1,
                                        "maxOrderQuantity": 25,
                                        "weighted": false
                                    },
                                    "deal": null,
                                    "mopDeal": null,
                                    "pcoDeal": null,
                                    "inventoryIndicator": null,
                                    "offerType": "OG",
                                    "offerId": "OG",
                                    "action": null,
                                    "isVariant": false,
                                    "link": "/blueberries-1-pint/p/20080137001_EA",
                                    "productVendor": null,
                                    "productVariant": null,
                                    "textBadge": "",
                                    "variantTheme": null,
                                    "articleNumber": "20080137001",
                                    "uom": "EA",
                                    "sponsoredCreative": null,
                                    "isSponsored": false,
                                    "isComplementarySponsored": false,
                                    "complementarySponsoredBadgeText": null,
                                    "productBadge": null
                                },
                                {
                                    "index": 5,
                                    "productId": "20159199001_KG",
                                    "productImage": [
                                        {
                                            "imageUrl": "https://assets.shop.loblaws.ca/products/20159199001/b2/en/front/20159199001_front_a06_@2.png",
                                            "smallUrl": "https://assets.shop.loblaws.ca/products/20159199001/b1/en/front/20159199001_front_a01_@2.png",
                                            "mediumUrl": "https://assets.shop.loblaws.ca/products/20159199001/b3/en/front/20159199001_front_a06_@2.png",
                                            "largeUrl": "https://assets.shop.loblaws.ca/products/20159199001/b2/en/front/20159199001_front_a06_@2.png",
                                            "smallRetinaUrl": "https://assets.shop.loblaws.ca/products/20159199001/b1/en/front/20159199001_front_a01_@2.png",
                                            "mediumRetinaUrl": "https://assets.shop.loblaws.ca/products/20159199001/b3/en/front/20159199001_front_a06_@2.png",
                                            "largeRetinaUrl": "https://assets.shop.loblaws.ca/products/20159199001/b2/en/front/20159199001_front_a06_@2.png"
                                        },
                                        {
                                            "imageUrl": "https://assets.shop.loblaws.ca/products/20159199001/b2/en/angle/20159199001_angle_a06_@2.png",
                                            "smallUrl": "https://assets.shop.loblaws.ca/products/20159199001/b1/en/angle/20159199001_angle_a01_@2.png",
                                            "mediumUrl": "https://assets.shop.loblaws.ca/products/20159199001/b3/en/angle/20159199001_angle_a06_@2.png",
                                            "largeUrl": "https://assets.shop.loblaws.ca/products/20159199001/b2/en/angle/20159199001_angle_a06_@2.png",
                                            "smallRetinaUrl": "https://assets.shop.loblaws.ca/products/20159199001/b1/en/angle/20159199001_angle_a01_@2.png",
                                            "mediumRetinaUrl": "https://assets.shop.loblaws.ca/products/20159199001/b3/en/angle/20159199001_angle_a06_@2.png",
                                            "largeRetinaUrl": "https://assets.shop.loblaws.ca/products/20159199001/b2/en/angle/20159199001_angle_a06_@2.png"
                                        },
                                        {
                                            "imageUrl": "https://assets.shop.loblaws.ca/products/20159199001/b2/en/side/20159199001_side_a06_@2.png",
                                            "smallUrl": "https://assets.shop.loblaws.ca/products/20159199001/b1/en/side/20159199001_side_a01_@2.png",
                                            "mediumUrl": "https://assets.shop.loblaws.ca/products/20159199001/b3/en/side/20159199001_side_a06_@2.png",
                                            "largeUrl": "https://assets.shop.loblaws.ca/products/20159199001/b2/en/side/20159199001_side_a06_@2.png",
                                            "smallRetinaUrl": "https://assets.shop.loblaws.ca/products/20159199001/b1/en/side/20159199001_side_a01_@2.png",
                                            "mediumRetinaUrl": "https://assets.shop.loblaws.ca/products/20159199001/b3/en/side/20159199001_side_a06_@2.png",
                                            "largeRetinaUrl": "https://assets.shop.loblaws.ca/products/20159199001/b2/en/side/20159199001_side_a06_@2.png"
                                        },
                                        {
                                            "imageUrl": "https://assets.shop.loblaws.ca/products/20159199001/b2/en/top/20159199001_top_a06_@2.png",
                                            "smallUrl": "https://assets.shop.loblaws.ca/products/20159199001/b1/en/top/20159199001_top_a01_@2.png",
                                            "mediumUrl": "https://assets.shop.loblaws.ca/products/20159199001/b3/en/top/20159199001_top_a06_@2.png",
                                            "largeUrl": "https://assets.shop.loblaws.ca/products/20159199001/b2/en/top/20159199001_top_a06_@2.png",
                                            "smallRetinaUrl": "https://assets.shop.loblaws.ca/products/20159199001/b1/en/top/20159199001_top_a01_@2.png",
                                            "mediumRetinaUrl": "https://assets.shop.loblaws.ca/products/20159199001/b3/en/top/20159199001_top_a06_@2.png",
                                            "largeRetinaUrl": "https://assets.shop.loblaws.ca/products/20159199001/b2/en/top/20159199001_top_a06_@2.png"
                                        }
                                    ],
                                    "brand": null,
                                    "title": "Extra Large Red Seedless Grapes",
                                    "description": "<p>Red grapes, such as the popular Flame and Ruby varieties, should be plump and firmly attached to green stems. Fresh grapes have a silver-white bloom covering them. Use red seedless grapes to garnish your cheese tray or simply enjoy them on their own as a snack. </p><p>Our PC grape collection strives to source the highest flavour grape varieties from exceptional growers across the world. We strive to bring our customers the best eating experience each season, and are always looking for new great tasting varieties to expand our collection.  These grapes come in Sweet Celebration (temptingly sweet, distinctively crisp), Magenta (sweet cherry-muscat flavour), Scarlotta Seedless (sweet and aromatic with low acidity). </p><p>Please include your varietal preference in the comment section at checkout. If your preference is not available in-store, we will pick the freshest variety that is available. Varieties and branding vary by store and season. </p>",
                                    "packageSizing": "$8.80/1kg $3.99/1lb",
                                    "pricing": {
                                        "price": "8.71",
                                        "wasPrice": null,
                                        "displayPrice": "about $8.71",
                                        "memberOnlyPrice": null,
                                        "mopDisplayPrice": null
                                    },
                                    "pricingUnits": {
                                        "type": "SOLD_BY_EACH_PRICED_BY_WEIGHT",
                                        "unit": "ea",
                                        "interval": 1,
                                        "minOrderQuantity": 1,
                                        "maxOrderQuantity": 25,
                                        "weighted": false
                                    },
                                    "deal": null,
                                    "mopDeal": null,
                                    "pcoDeal": null,
                                    "inventoryIndicator": null,
                                    "offerType": "OG",
                                    "offerId": "OG",
                                    "action": null,
                                    "isVariant": false,
                                    "link": "/extra-large-red-seedless-grapes/p/20159199001_KG",
                                    "productVendor": null,
                                    "productVariant": null,
                                    "textBadge": "",
                                    "variantTheme": null,
                                    "articleNumber": "20159199001",
                                    "uom": "KG",
                                    "sponsoredCreative": null,
                                    "isSponsored": false,
                                    "isComplementarySponsored": false,
                                    "complementarySponsoredBadgeText": null,
                                    "productBadge": null
                                },
                                {
                                    "index": 6,
                                    "productId": "20142232001_EA",
                                    "productImage": [
                                        {
                                            "imageUrl": "https://assets.shop.loblaws.ca/products/20142232001/b2/en/front/20142232001_front_a06_@2.png",
                                            "smallUrl": "https://assets.shop.loblaws.ca/products/20142232001/b1/en/front/20142232001_front_a01_@2.png",
                                            "mediumUrl": "https://assets.shop.loblaws.ca/products/20142232001/b3/en/front/20142232001_front_a06_@2.png",
                                            "largeUrl": "https://assets.shop.loblaws.ca/products/20142232001/b2/en/front/20142232001_front_a06_@2.png",
                                            "smallRetinaUrl": "https://assets.shop.loblaws.ca/products/20142232001/b1/en/front/20142232001_front_a01_@2.png",
                                            "mediumRetinaUrl": "https://assets.shop.loblaws.ca/products/20142232001/b3/en/front/20142232001_front_a06_@2.png",
                                            "largeRetinaUrl": "https://assets.shop.loblaws.ca/products/20142232001/b2/en/front/20142232001_front_a06_@2.png"
                                        }
                                    ],
                                    "brand": null,
                                    "title": "Avocados Bag, 5-Pack",
                                    "description": "  Each bag  has 5 avacados. Avocados have a pebbly skin that turns from dark green to  near black when ripe. Cut lengthwise, twist to separate the halves, and scoop  out the creamy, pale green flesh for guacamole (lemon juice will keep the  flesh from discolouring) and smoothies, or add sliced avocado to salad or a  BLT sandwich.",
                                    "packageSizing": "1 ea, $1.20/1ea",
                                    "pricing": {
                                        "price": "5.99",
                                        "wasPrice": null,
                                        "displayPrice": "$5.99",
                                        "memberOnlyPrice": null,
                                        "mopDisplayPrice": null
                                    },
                                    "pricingUnits": {
                                        "type": "SOLD_BY_EACH",
                                        "unit": "ea",
                                        "interval": 1,
                                        "minOrderQuantity": 1,
                                        "maxOrderQuantity": 25,
                                        "weighted": false
                                    },
                                    "deal": null,
                                    "mopDeal": null,
                                    "pcoDeal": null,
                                    "inventoryIndicator": null,
                                    "offerType": "OG",
                                    "offerId": "OG",
                                    "action": null,
                                    "isVariant": false,
                                    "link": "/avocados-bag-5-pack/p/20142232001_EA",
                                    "productVendor": null,
                                    "productVariant": null,
                                    "textBadge": "",
                                    "variantTheme": null,
                                    "articleNumber": "20142232001",
                                    "uom": "EA",
                                    "sponsoredCreative": null,
                                    "isSponsored": false,
                                    "isComplementarySponsored": false,
                                    "complementarySponsoredBadgeText": null,
                                    "productBadge": null
                                },
                                {
                                    "index": 7,
                                    "productId": "20028593001_EA",
                                    "productImage": [
                                        {
                                            "imageUrl": "https://assets.shop.loblaws.ca/products/20028593001/b2/en/front/20028593001_front_a06_@2.png",
                                            "smallUrl": "https://assets.shop.loblaws.ca/products/20028593001/b1/en/front/20028593001_front_a01_@2.png",
                                            "mediumUrl": "https://assets.shop.loblaws.ca/products/20028593001/b3/en/front/20028593001_front_a06_@2.png",
                                            "largeUrl": "https://assets.shop.loblaws.ca/products/20028593001/b2/en/front/20028593001_front_a06_@2.png",
                                            "smallRetinaUrl": "https://assets.shop.loblaws.ca/products/20028593001/b1/en/front/20028593001_front_a01_@2.png",
                                            "mediumRetinaUrl": "https://assets.shop.loblaws.ca/products/20028593001/b3/en/front/20028593001_front_a06_@2.png",
                                            "largeRetinaUrl": "https://assets.shop.loblaws.ca/products/20028593001/b2/en/front/20028593001_front_a06_@2.png"
                                        }
                                    ],
                                    "brand": null,
                                    "title": "Lemon",
                                    "description": "Lemons have a bright yellow peel and can vary in size depending on the variety. This citrus fruit produces a tart, acidic juice that will add flavour to your salad dressings, beverages, and marinades. Lemon juice and rinds are also versatile ingredients for baking everything from cookies and cakes to a classic lemon meringue pie.",
                                    "packageSizing": "1 ea, $0.99/1ea",
                                    "pricing": {
                                        "price": "0.99",
                                        "wasPrice": null,
                                        "displayPrice": "$0.99",
                                        "memberOnlyPrice": null,
                                        "mopDisplayPrice": null
                                    },
                                    "pricingUnits": {
                                        "type": "SOLD_BY_EACH",
                                        "unit": "ea",
                                        "interval": 1,
                                        "minOrderQuantity": 1,
                                        "maxOrderQuantity": 25,
                                        "weighted": false
                                    },
                                    "deal": null,
                                    "mopDeal": null,
                                    "pcoDeal": null,
                                    "inventoryIndicator": null,
                                    "offerType": "OG",
                                    "offerId": "OG",
                                    "action": null,
                                    "isVariant": false,
                                    "link": "/lemon/p/20028593001_EA",
                                    "productVendor": null,
                                    "productVariant": null,
                                    "textBadge": "",
                                    "variantTheme": null,
                                    "articleNumber": "20028593001",
                                    "uom": "EA",
                                    "sponsoredCreative": null,
                                    "isSponsored": false,
                                    "isComplementarySponsored": false,
                                    "complementarySponsoredBadgeText": null,
                                    "productBadge": null
                                },
                                {
                                    "index": 8,
                                    "productId": "20503017001_EA",
                                    "productImage": [
                                        {
                                            "imageUrl": "https://assets.shop.loblaws.ca/products/20503017001/b2/en/front/20503017001_front_a06_@2.png",
                                            "smallUrl": "https://assets.shop.loblaws.ca/products/20503017001/b1/en/front/20503017001_front_a01_@2.png",
                                            "mediumUrl": "https://assets.shop.loblaws.ca/products/20503017001/b3/en/front/20503017001_front_a06_@2.png",
                                            "largeUrl": "https://assets.shop.loblaws.ca/products/20503017001/b2/en/front/20503017001_front_a06_@2.png",
                                            "smallRetinaUrl": "https://assets.shop.loblaws.ca/products/20503017001/b1/en/front/20503017001_front_a01_@2.png",
                                            "mediumRetinaUrl": "https://assets.shop.loblaws.ca/products/20503017001/b3/en/front/20503017001_front_a06_@2.png",
                                            "largeRetinaUrl": "https://assets.shop.loblaws.ca/products/20503017001/b2/en/front/20503017001_front_a06_@2.png"
                                        }
                                    ],
                                    "brand": null,
                                    "title": "Strawberry Quart",
                                    "description": "Strawberries vary in colour, shape, and size but their flavour is distinctively sweet. They are topped with a hull of green leaves and are speckled with seeds on the surface. Enjoy yours in classic desserts like strawberry shortcake and strawberry-rhubarb pie, or add them to your next spinach salad with some crumbled goat cheese .",
                                    "packageSizing": "517 g, $0.97/100g",
                                    "pricing": {
                                        "price": "4.99",
                                        "wasPrice": null,
                                        "displayPrice": "$4.99",
                                        "memberOnlyPrice": null,
                                        "mopDisplayPrice": null
                                    },
                                    "pricingUnits": {
                                        "type": "SOLD_BY_EACH",
                                        "unit": "ea",
                                        "interval": 1,
                                        "minOrderQuantity": 1,
                                        "maxOrderQuantity": 25,
                                        "weighted": false
                                    },
                                    "deal": null,
                                    "mopDeal": null,
                                    "pcoDeal": null,
                                    "inventoryIndicator": {
                                        "indicatorId": "OUT",
                                        "text": "Out of Stock"
                                    },
                                    "offerType": "OG",
                                    "offerId": "OG",
                                    "action": null,
                                    "isVariant": false,
                                    "link": "/strawberry-quart/p/20503017001_EA",
                                    "productVendor": null,
                                    "productVariant": null,
                                    "textBadge": "out-of-stock",
                                    "variantTheme": null,
                                    "articleNumber": "20503017001",
                                    "uom": "EA",
                                    "sponsoredCreative": null,
                                    "isSponsored": false,
                                    "isComplementarySponsored": false,
                                    "complementarySponsoredBadgeText": null,
                                    "productBadge": null
                                },
                                {
                                    "index": 9,
                                    "productId": "20425775001_KG",
                                    "productImage": [
                                        {
                                            "imageUrl": "https://assets.shop.loblaws.ca/products/20425775001/b2/en/front/20425775001_front_a06_@2.png",
                                            "smallUrl": "https://assets.shop.loblaws.ca/products/20425775001/b1/en/front/20425775001_front_a01_@2.png",
                                            "mediumUrl": "https://assets.shop.loblaws.ca/products/20425775001/b3/en/front/20425775001_front_a06_@2.png",
                                            "largeUrl": "https://assets.shop.loblaws.ca/products/20425775001/b2/en/front/20425775001_front_a06_@2.png",
                                            "smallRetinaUrl": "https://assets.shop.loblaws.ca/products/20425775001/b1/en/front/20425775001_front_a01_@2.png",
                                            "mediumRetinaUrl": "https://assets.shop.loblaws.ca/products/20425775001/b3/en/front/20425775001_front_a06_@2.png",
                                            "largeRetinaUrl": "https://assets.shop.loblaws.ca/products/20425775001/b2/en/front/20425775001_front_a06_@2.png"
                                        },
                                        {
                                            "imageUrl": "https://assets.shop.loblaws.ca/products/20425775001/b2/en/angle/20425775001_angle_a06_@2.png",
                                            "smallUrl": "https://assets.shop.loblaws.ca/products/20425775001/b1/en/angle/20425775001_angle_a01_@2.png",
                                            "mediumUrl": "https://assets.shop.loblaws.ca/products/20425775001/b3/en/angle/20425775001_angle_a06_@2.png",
                                            "largeUrl": "https://assets.shop.loblaws.ca/products/20425775001/b2/en/angle/20425775001_angle_a06_@2.png",
                                            "smallRetinaUrl": "https://assets.shop.loblaws.ca/products/20425775001/b1/en/angle/20425775001_angle_a01_@2.png",
                                            "mediumRetinaUrl": "https://assets.shop.loblaws.ca/products/20425775001/b3/en/angle/20425775001_angle_a06_@2.png",
                                            "largeRetinaUrl": "https://assets.shop.loblaws.ca/products/20425775001/b2/en/angle/20425775001_angle_a06_@2.png"
                                        },
                                        {
                                            "imageUrl": "https://assets.shop.loblaws.ca/products/20425775001/b2/en/side/20425775001_side_a06_@2.png",
                                            "smallUrl": "https://assets.shop.loblaws.ca/products/20425775001/b1/en/side/20425775001_side_a01_@2.png",
                                            "mediumUrl": "https://assets.shop.loblaws.ca/products/20425775001/b3/en/side/20425775001_side_a06_@2.png",
                                            "largeUrl": "https://assets.shop.loblaws.ca/products/20425775001/b2/en/side/20425775001_side_a06_@2.png",
                                            "smallRetinaUrl": "https://assets.shop.loblaws.ca/products/20425775001/b1/en/side/20425775001_side_a01_@2.png",
                                            "mediumRetinaUrl": "https://assets.shop.loblaws.ca/products/20425775001/b3/en/side/20425775001_side_a06_@2.png",
                                            "largeRetinaUrl": "https://assets.shop.loblaws.ca/products/20425775001/b2/en/side/20425775001_side_a06_@2.png"
                                        },
                                        {
                                            "imageUrl": "https://assets.shop.loblaws.ca/products/20425775001/b2/en/top/20425775001_top_a06_@2.png",
                                            "smallUrl": "https://assets.shop.loblaws.ca/products/20425775001/b1/en/top/20425775001_top_a01_@2.png",
                                            "mediumUrl": "https://assets.shop.loblaws.ca/products/20425775001/b3/en/top/20425775001_top_a06_@2.png",
                                            "largeUrl": "https://assets.shop.loblaws.ca/products/20425775001/b2/en/top/20425775001_top_a06_@2.png",
                                            "smallRetinaUrl": "https://assets.shop.loblaws.ca/products/20425775001/b1/en/top/20425775001_top_a01_@2.png",
                                            "mediumRetinaUrl": "https://assets.shop.loblaws.ca/products/20425775001/b3/en/top/20425775001_top_a06_@2.png",
                                            "largeRetinaUrl": "https://assets.shop.loblaws.ca/products/20425775001/b2/en/top/20425775001_top_a06_@2.png"
                                        }
                                    ],
                                    "brand": null,
                                    "title": "Extra Large Green Seedless Grapes",
                                    "description": "<p>Green grapes range in colour from pale green to amber yellow and are considered white grape varieties. Fresh grapes have a silver-white bloom covering them and should be plump with firmly attached green stems. Use green grapes to garnish your cheese tray or simply enjoy them on their own as a snack. </p><p>Our PC grape collection strives to source the highest flavour grape varieties from exceptional growers across the world. We strive to bring our customers the best eating experience each season, and are always looking for new great tasting varieties to expand our collection. These grapes come in Autumn Crisp (crisp and juicy with a light muscat aroma), Stella Bella (juicy-sweet and crisp), and Sugar Crunch (sweet and crisp). </p><p>Please include your varietal preference in the comment section at checkout. If your preference is not available in-store, we will pick the freshest variety that is available. Varieties and branding vary by store and season. </p>",
                                    "packageSizing": "$8.80/1kg $3.99/1lb",
                                    "pricing": {
                                        "price": "8.98",
                                        "wasPrice": null,
                                        "displayPrice": "about $8.98",
                                        "memberOnlyPrice": null,
                                        "mopDisplayPrice": null
                                    },
                                    "pricingUnits": {
                                        "type": "SOLD_BY_EACH_PRICED_BY_WEIGHT",
                                        "unit": "ea",
                                        "interval": 1,
                                        "minOrderQuantity": 1,
                                        "maxOrderQuantity": 25,
                                        "weighted": false
                                    },
                                    "deal": null,
                                    "mopDeal": null,
                                    "pcoDeal": null,
                                    "inventoryIndicator": null,
                                    "offerType": "OG",
                                    "offerId": "OG",
                                    "action": null,
                                    "isVariant": false,
                                    "link": "/extra-large-green-seedless-grapes/p/20425775001_KG",
                                    "productVendor": null,
                                    "productVariant": null,
                                    "textBadge": "",
                                    "variantTheme": null,
                                    "articleNumber": "20425775001",
                                    "uom": "KG",
                                    "sponsoredCreative": null,
                                    "isSponsored": false,
                                    "isComplementarySponsored": false,
                                    "complementarySponsoredBadgeText": null,
                                    "productBadge": null
                                },
                                {
                                    "index": 10,
                                    "productId": "20040489001_EA",
                                    "productImage": [
                                        {
                                            "imageUrl": "https://assets.shop.loblaws.ca/products/20040489001/b2/en/front/20040489001_front_a06_@2.png",
                                            "smallUrl": "https://assets.shop.loblaws.ca/products/20040489001/b1/en/front/20040489001_front_a01_@2.png",
                                            "mediumUrl": "https://assets.shop.loblaws.ca/products/20040489001/b3/en/front/20040489001_front_a06_@2.png",
                                            "largeUrl": "https://assets.shop.loblaws.ca/products/20040489001/b2/en/front/20040489001_front_a06_@2.png",
                                            "smallRetinaUrl": "https://assets.shop.loblaws.ca/products/20040489001/b1/en/front/20040489001_front_a01_@2.png",
                                            "mediumRetinaUrl": "https://assets.shop.loblaws.ca/products/20040489001/b3/en/front/20040489001_front_a06_@2.png",
                                            "largeRetinaUrl": "https://assets.shop.loblaws.ca/products/20040489001/b2/en/front/20040489001_front_a06_@2.png"
                                        }
                                    ],
                                    "brand": null,
                                    "title": "Limes",
                                    "description": "Limes are shaped like lemons but a little smaller in size. They have green skin and their green pulp produces a tart, aromatic juice that is used in everything from dressings to desserts. Try squeezing lime juice and sprinkling sea salt over grilled corn on the cob at your next barbeque.",
                                    "packageSizing": "1 ea, $0.99/1ea",
                                    "pricing": {
                                        "price": "0.99",
                                        "wasPrice": null,
                                        "displayPrice": "$0.99",
                                        "memberOnlyPrice": null,
                                        "mopDisplayPrice": null
                                    },
                                    "pricingUnits": {
                                        "type": "SOLD_BY_EACH",
                                        "unit": "ea",
                                        "interval": 1,
                                        "minOrderQuantity": 1,
                                        "maxOrderQuantity": 25,
                                        "weighted": false
                                    },
                                    "deal": null,
                                    "mopDeal": null,
                                    "pcoDeal": null,
                                    "inventoryIndicator": null,
                                    "offerType": "OG",
                                    "offerId": "OG",
                                    "action": null,
                                    "isVariant": false,
                                    "link": "/limes/p/20040489001_EA",
                                    "productVendor": null,
                                    "productVariant": null,
                                    "textBadge": "",
                                    "variantTheme": null,
                                    "articleNumber": "20040489001",
                                    "uom": "EA",
                                    "sponsoredCreative": null,
                                    "isSponsored": false,
                                    "isComplementarySponsored": false,
                                    "complementarySponsoredBadgeText": null,
                                    "productBadge": null
                                },
                                {
                                    "index": 11,
                                    "productId": "20128938001_EA",
                                    "productImage": [
                                        {
                                            "imageUrl": "https://assets.shop.loblaws.ca/products/20128938001/b2/en/front/20128938001_front_a06_@2.png",
                                            "smallUrl": "https://assets.shop.loblaws.ca/products/20128938001/b1/en/front/20128938001_front_a01_@2.png",
                                            "mediumUrl": "https://assets.shop.loblaws.ca/products/20128938001/b3/en/front/20128938001_front_a06_@2.png",
                                            "largeUrl": "https://assets.shop.loblaws.ca/products/20128938001/b2/en/front/20128938001_front_a06_@2.png",
                                            "smallRetinaUrl": "https://assets.shop.loblaws.ca/products/20128938001/b1/en/front/20128938001_front_a01_@2.png",
                                            "mediumRetinaUrl": "https://assets.shop.loblaws.ca/products/20128938001/b3/en/front/20128938001_front_a06_@2.png",
                                            "largeRetinaUrl": "https://assets.shop.loblaws.ca/products/20128938001/b2/en/front/20128938001_front_a06_@2.png"
                                        }
                                    ],
                                    "brand": null,
                                    "title": "Raspberries 1/2 pint",
                                    "description": "Raspberries are delicate fruit with bright red drupelets that connect to each other around a hollow central core. Their flavour is sweet but can also be tart if they aren\u2019t quite ripe. Add them to your morning cereal, smoothie, or yogurt, or indulge with raspberries topped with cream and chocolate shavings.",
                                    "packageSizing": "170 g, $2.94/100g",
                                    "pricing": {
                                        "price": "4.99",
                                        "wasPrice": null,
                                        "displayPrice": "$4.99",
                                        "memberOnlyPrice": null,
                                        "mopDisplayPrice": null
                                    },
                                    "pricingUnits": {
                                        "type": "SOLD_BY_EACH",
                                        "unit": "ea",
                                        "interval": 1,
                                        "minOrderQuantity": 1,
                                        "maxOrderQuantity": 25,
                                        "weighted": false
                                    },
                                    "deal": null,
                                    "mopDeal": null,
                                    "pcoDeal": null,
                                    "inventoryIndicator": null,
                                    "offerType": "OG",
                                    "offerId": "OG",
                                    "action": null,
                                    "isVariant": false,
                                    "link": "/raspberries-1-2-pint/p/20128938001_EA",
                                    "productVendor": null,
                                    "productVariant": null,
                                    "textBadge": "",
                                    "variantTheme": null,
                                    "articleNumber": "20128938001",
                                    "uom": "EA",
                                    "sponsoredCreative": null,
                                    "isSponsored": false,
                                    "isComplementarySponsored": false,
                                    "complementarySponsoredBadgeText": null,
                                    "productBadge": null
                                },
                                {
                                    "index": 12,
                                    "productId": "20139509001_KG",
                                    "productImage": [
                                        {
                                            "imageUrl": "https://assets.shop.loblaws.ca/products/20139509001/b2/en/front/20139509001_front_a06_@2.png",
                                            "smallUrl": "https://assets.shop.loblaws.ca/products/20139509001/b1/en/front/20139509001_front_a01_@2.png",
                                            "mediumUrl": "https://assets.shop.loblaws.ca/products/20139509001/b3/en/front/20139509001_front_a06_@2.png",
                                            "largeUrl": "https://assets.shop.loblaws.ca/products/20139509001/b2/en/front/20139509001_front_a06_@2.png",
                                            "smallRetinaUrl": "https://assets.shop.loblaws.ca/products/20139509001/b1/en/front/20139509001_front_a01_@2.png",
                                            "mediumRetinaUrl": "https://assets.shop.loblaws.ca/products/20139509001/b3/en/front/20139509001_front_a06_@2.png",
                                            "largeRetinaUrl": "https://assets.shop.loblaws.ca/products/20139509001/b2/en/front/20139509001_front_a06_@2.png"
                                        }
                                    ],
                                    "brand": "PC Organics",
                                    "title": "Organic Bananas, Bunch",
                                    "description": "<p>Sold by the bunch.</p><p>Average bunch has 6-8 bananas.</p><p> Bananas are typically 6-10 inches long and have a green peel when unripe. They taste best when the peel turns yellow and is speckled with dark spots. </p>",
                                    "packageSizing": "$2.62/1kg $1.19/1lb",
                                    "pricing": {
                                        "price": "2.88",
                                        "wasPrice": null,
                                        "displayPrice": "about $2.88",
                                        "memberOnlyPrice": null,
                                        "mopDisplayPrice": null
                                    },
                                    "pricingUnits": {
                                        "type": "SOLD_BY_EACH_PRICED_BY_WEIGHT",
                                        "unit": "ea",
                                        "interval": 1,
                                        "minOrderQuantity": 1,
                                        "maxOrderQuantity": 25,
                                        "weighted": false
                                    },
                                    "deal": null,
                                    "mopDeal": null,
                                    "pcoDeal": null,
                                    "inventoryIndicator": null,
                                    "offerType": "OG",
                                    "offerId": "OG",
                                    "action": null,
                                    "isVariant": false,
                                    "link": "/organic-bananas-bunch/p/20139509001_KG",
                                    "productVendor": null,
                                    "productVariant": null,
                                    "textBadge": "",
                                    "variantTheme": null,
                                    "articleNumber": "20139509001",
                                    "uom": "KG",
                                    "sponsoredCreative": null,
                                    "isSponsored": false,
                                    "isComplementarySponsored": false,
                                    "complementarySponsoredBadgeText": null,
                                    "productBadge": null
                                },
                                {
                                    "index": 13,
                                    "productId": "20167017001_EA",
                                    "productImage": [
                                        {
                                            "imageUrl": "https://assets.shop.loblaws.ca/products/20167017001/b2/en/front/20167017001_front_a06_@2.png",
                                            "smallUrl": "https://assets.shop.loblaws.ca/products/20167017001/b1/en/front/20167017001_front_a01_@2.png",
                                            "mediumUrl": "https://assets.shop.loblaws.ca/products/20167017001/b3/en/front/20167017001_front_a06_@2.png",
                                            "largeUrl": "https://assets.shop.loblaws.ca/products/20167017001/b2/en/front/20167017001_front_a06_@2.png",
                                            "smallRetinaUrl": "https://assets.shop.loblaws.ca/products/20167017001/b1/en/front/20167017001_front_a01_@2.png",
                                            "mediumRetinaUrl": "https://assets.shop.loblaws.ca/products/20167017001/b3/en/front/20167017001_front_a06_@2.png",
                                            "largeRetinaUrl": "https://assets.shop.loblaws.ca/products/20167017001/b2/en/front/20167017001_front_a06_@2.png"
                                        }
                                    ],
                                    "brand": null,
                                    "title": "Cantaloupe",
                                    "description": "Average weight is 3 lb.<br>Cantaloupes have a greyish-beige skin with a raised netting overtop. The flesh is pale orange, juicy, and sweet. When ripe, cantaloupes are fragrant and yield to pressure at the blossom end. Remove the seeds and cube for a fruit salad or slice and wrap with prosciutto and mint for a refreshing summer salad.",
                                    "packageSizing": "1 ea, $4.99/1ea",
                                    "pricing": {
                                        "price": "4.99",
                                        "wasPrice": null,
                                        "displayPrice": "$4.99",
                                        "memberOnlyPrice": null,
                                        "mopDisplayPrice": null
                                    },
                                    "pricingUnits": {
                                        "type": "SOLD_BY_EACH",
                                        "unit": "ea",
                                        "interval": 1,
                                        "minOrderQuantity": 1,
                                        "maxOrderQuantity": 25,
                                        "weighted": false
                                    },
                                    "deal": null,
                                    "mopDeal": null,
                                    "pcoDeal": null,
                                    "inventoryIndicator": null,
                                    "offerType": "OG",
                                    "offerId": "OG",
                                    "action": null,
                                    "isVariant": false,
                                    "link": "/cantaloupe/p/20167017001_EA",
                                    "productVendor": null,
                                    "productVariant": null,
                                    "textBadge": "",
                                    "variantTheme": null,
                                    "articleNumber": "20167017001",
                                    "uom": "EA",
                                    "sponsoredCreative": null,
                                    "isSponsored": false,
                                    "isComplementarySponsored": false,
                                    "complementarySponsoredBadgeText": null,
                                    "productBadge": null
                                },
                                {
                                    "index": 14,
                                    "productId": "20338666001_EA",
                                    "productImage": [
                                        {
                                            "imageUrl": "https://assets.shop.loblaws.ca/products/20338666001/b2/en/front/20338666001_front_a06_@2.png",
                                            "smallUrl": "https://assets.shop.loblaws.ca/products/20338666001/b1/en/front/20338666001_front_a01_@2.png",
                                            "mediumUrl": "https://assets.shop.loblaws.ca/products/20338666001/b3/en/front/20338666001_front_a06_@2.png",
                                            "largeUrl": "https://assets.shop.loblaws.ca/products/20338666001/b2/en/front/20338666001_front_a06_@2.png",
                                            "smallRetinaUrl": "https://assets.shop.loblaws.ca/products/20338666001/b1/en/front/20338666001_front_a01_@2.png",
                                            "mediumRetinaUrl": "https://assets.shop.loblaws.ca/products/20338666001/b3/en/front/20338666001_front_a06_@2.png",
                                            "largeRetinaUrl": "https://assets.shop.loblaws.ca/products/20338666001/b2/en/front/20338666001_front_a06_@2.png"
                                        }
                                    ],
                                    "brand": null,
                                    "title": "Blueberries",
                                    "description": "Blueberries range in colour from a deep purple-blue to a blue-black, both with a silvery sheen called bloom. Sweeten your morning by sprinkling blueberries on your cereal or pancakes, or add blueberries to a spinach salad with pecans and blue cheese.",
                                    "packageSizing": "510 g, $1.37/100g",
                                    "pricing": {
                                        "price": "6.99",
                                        "wasPrice": null,
                                        "displayPrice": "$6.99",
                                        "memberOnlyPrice": null,
                                        "mopDisplayPrice": null
                                    },
                                    "pricingUnits": {
                                        "type": "SOLD_BY_EACH",
                                        "unit": "ea",
                                        "interval": 1,
                                        "minOrderQuantity": 1,
                                        "maxOrderQuantity": 25,
                                        "weighted": false
                                    },
                                    "deal": null,
                                    "mopDeal": null,
                                    "pcoDeal": null,
                                    "inventoryIndicator": {
                                        "indicatorId": "OUT",
                                        "text": "Out of Stock"
                                    },
                                    "offerType": "OG",
                                    "offerId": "OG",
                                    "action": null,
                                    "isVariant": false,
                                    "link": "/blueberries/p/20338666001_EA",
                                    "productVendor": null,
                                    "productVariant": null,
                                    "textBadge": "out-of-stock",
                                    "variantTheme": null,
                                    "articleNumber": "20338666001",
                                    "uom": "EA",
                                    "sponsoredCreative": null,
                                    "isSponsored": false,
                                    "isComplementarySponsored": false,
                                    "complementarySponsoredBadgeText": null,
                                    "productBadge": null
                                },
                                {
                                    "index": 15,
                                    "productId": "20099819001_EA",
                                    "productImage": [
                                        {
                                            "imageUrl": "https://assets.shop.loblaws.ca/products/20099819001/b2/en/front/20099819001_front_a06_@2.png",
                                            "smallUrl": "https://assets.shop.loblaws.ca/products/20099819001/b1/en/front/20099819001_front_a01_@2.png",
                                            "mediumUrl": "https://assets.shop.loblaws.ca/products/20099819001/b3/en/front/20099819001_front_a06_@2.png",
                                            "largeUrl": "https://assets.shop.loblaws.ca/products/20099819001/b2/en/front/20099819001_front_a06_@2.png",
                                            "smallRetinaUrl": "https://assets.shop.loblaws.ca/products/20099819001/b1/en/front/20099819001_front_a01_@2.png",
                                            "mediumRetinaUrl": "https://assets.shop.loblaws.ca/products/20099819001/b3/en/front/20099819001_front_a06_@2.png",
                                            "largeRetinaUrl": "https://assets.shop.loblaws.ca/products/20099819001/b2/en/front/20099819001_front_a06_@2.png"
                                        }
                                    ],
                                    "brand": "Farmer's Market",
                                    "title": "Mandarin Oranges, 2 lb bag",
                                    "description": null,
                                    "packageSizing": "907 g, $0.55/100g",
                                    "pricing": {
                                        "price": "4.99",
                                        "wasPrice": "$5.99",
                                        "displayPrice": "$4.99",
                                        "memberOnlyPrice": null,
                                        "mopDisplayPrice": null
                                    },
                                    "pricingUnits": {
                                        "type": "SOLD_BY_EACH",
                                        "unit": "ea",
                                        "interval": 1,
                                        "minOrderQuantity": 1,
                                        "maxOrderQuantity": 25,
                                        "weighted": false
                                    },
                                    "deal": {
                                        "type": "SALE",
                                        "text": "SAVE $1.00",
                                        "points": 0,
                                        "name": "SALE",
                                        "expiryDate": "2024-07-10T00:00:00Z",
                                        "dealPrice": null
                                    },
                                    "mopDeal": null,
                                    "pcoDeal": null,
                                    "inventoryIndicator": null,
                                    "offerType": "OG",
                                    "offerId": "OG",
                                    "action": null,
                                    "isVariant": false,
                                    "link": "/mandarin-oranges-2-lb-bag/p/20099819001_EA",
                                    "productVendor": null,
                                    "productVariant": null,
                                    "textBadge": "",
                                    "variantTheme": null,
                                    "articleNumber": "20099819001",
                                    "uom": "EA",
                                    "sponsoredCreative": null,
                                    "isSponsored": false,
                                    "isComplementarySponsored": false,
                                    "complementarySponsoredBadgeText": null,
                                    "productBadge": null
                                },
                                {
                                    "index": 16,
                                    "productId": "20059635001_EA",
                                    "productImage": [
                                        {
                                            "imageUrl": "https://assets.shop.loblaws.ca/products/20059635001/b2/en/front/20059635001_front_a06_@2.png",
                                            "smallUrl": "https://assets.shop.loblaws.ca/products/20059635001/b1/en/front/20059635001_front_a01_@2.png",
                                            "mediumUrl": "https://assets.shop.loblaws.ca/products/20059635001/b3/en/front/20059635001_front_a06_@2.png",
                                            "largeUrl": "https://assets.shop.loblaws.ca/products/20059635001/b2/en/front/20059635001_front_a06_@2.png",
                                            "smallRetinaUrl": "https://assets.shop.loblaws.ca/products/20059635001/b1/en/front/20059635001_front_a01_@2.png",
                                            "mediumRetinaUrl": "https://assets.shop.loblaws.ca/products/20059635001/b3/en/front/20059635001_front_a06_@2.png",
                                            "largeRetinaUrl": "https://assets.shop.loblaws.ca/products/20059635001/b2/en/front/20059635001_front_a06_@2.png"
                                        }
                                    ],
                                    "brand": null,
                                    "title": "Mango",
                                    "description": "Mangoes have a firm, fibrous orange flesh and sweet flavour. Their skin is typically greenish-yellow with a red blush covering most of it, but colour isn\u2019t a reliable way of way of testing for ripeness. Instead, squeeze the mango gently. If it\u2019s ripe it will give slightly. Enjoy mango on its own, in fruit salad, or chutney.",
                                    "packageSizing": "1 ea, $0.99/1ea",
                                    "pricing": {
                                        "price": "0.99",
                                        "wasPrice": "$2.99",
                                        "displayPrice": "$0.99",
                                        "memberOnlyPrice": null,
                                        "mopDisplayPrice": null
                                    },
                                    "pricingUnits": {
                                        "type": "SOLD_BY_EACH",
                                        "unit": "ea",
                                        "interval": 1,
                                        "minOrderQuantity": 1,
                                        "maxOrderQuantity": 25,
                                        "weighted": false
                                    },
                                    "deal": {
                                        "type": "SALE",
                                        "text": "SAVE $2.00",
                                        "points": 0,
                                        "name": "SALE",
                                        "expiryDate": "2024-07-10T00:00:00Z",
                                        "dealPrice": null
                                    },
                                    "mopDeal": null,
                                    "pcoDeal": null,
                                    "inventoryIndicator": null,
                                    "offerType": "OG",
                                    "offerId": "OG",
                                    "action": null,
                                    "isVariant": false,
                                    "link": "/mango/p/20059635001_EA",
                                    "productVendor": null,
                                    "productVariant": null,
                                    "textBadge": "",
                                    "variantTheme": null,
                                    "articleNumber": "20059635001",
                                    "uom": "EA",
                                    "sponsoredCreative": null,
                                    "isSponsored": false,
                                    "isComplementarySponsored": false,
                                    "complementarySponsoredBadgeText": null,
                                    "productBadge": null
                                },
                                {
                                    "index": 17,
                                    "productId": "20051015001_EA",
                                    "productImage": [
                                        {
                                            "imageUrl": "https://assets.shop.loblaws.ca/products/20051015001/b2/en/front/20051015001_front_a06_@2.png",
                                            "smallUrl": "https://assets.shop.loblaws.ca/products/20051015001/b1/en/front/20051015001_front_a01_@2.png",
                                            "mediumUrl": "https://assets.shop.loblaws.ca/products/20051015001/b3/en/front/20051015001_front_a06_@2.png",
                                            "largeUrl": "https://assets.shop.loblaws.ca/products/20051015001/b2/en/front/20051015001_front_a06_@2.png",
                                            "smallRetinaUrl": "https://assets.shop.loblaws.ca/products/20051015001/b1/en/front/20051015001_front_a01_@2.png",
                                            "mediumRetinaUrl": "https://assets.shop.loblaws.ca/products/20051015001/b3/en/front/20051015001_front_a06_@2.png",
                                            "largeRetinaUrl": "https://assets.shop.loblaws.ca/products/20051015001/b2/en/front/20051015001_front_a06_@2.png"
                                        }
                                    ],
                                    "brand": null,
                                    "title": "Blackberries 1/2 Pint",
                                    "description": "Blackberries range in colour from dark purple to black, and generally the more intense the colour, the sweeter the taste. Blackberries are great in smoothies and salads and can easily be made into jam, or use yours for a blackberry apple pie and enjoy with ice cream.",
                                    "packageSizing": "170 g, $1.76/100g",
                                    "pricing": {
                                        "price": "2.99",
                                        "wasPrice": "$3.99",
                                        "displayPrice": "$2.99",
                                        "memberOnlyPrice": null,
                                        "mopDisplayPrice": null
                                    },
                                    "pricingUnits": {
                                        "type": "SOLD_BY_EACH",
                                        "unit": "ea",
                                        "interval": 1,
                                        "minOrderQuantity": 1,
                                        "maxOrderQuantity": 25,
                                        "weighted": false
                                    },
                                    "deal": {
                                        "type": "SALE",
                                        "text": "SAVE $1.00",
                                        "points": 0,
                                        "name": "SALE",
                                        "expiryDate": "2024-07-10T00:00:00Z",
                                        "dealPrice": null
                                    },
                                    "mopDeal": null,
                                    "pcoDeal": null,
                                    "inventoryIndicator": null,
                                    "offerType": "OG",
                                    "offerId": "OG",
                                    "action": null,
                                    "isVariant": false,
                                    "link": "/blackberries-1-2-pint/p/20051015001_EA",
                                    "productVendor": null,
                                    "productVariant": null,
                                    "textBadge": "",
                                    "variantTheme": null,
                                    "articleNumber": "20051015001",
                                    "uom": "EA",
                                    "sponsoredCreative": null,
                                    "isSponsored": false,
                                    "isComplementarySponsored": false,
                                    "complementarySponsoredBadgeText": null,
                                    "productBadge": null
                                },
                                {
                                    "index": 18,
                                    "productId": "20083526001_KG",
                                    "productImage": [
                                        {
                                            "imageUrl": "https://assets.shop.loblaws.ca/products/20083526001/b2/en/front/20083526001_front_a06_@2.png",
                                            "smallUrl": "https://assets.shop.loblaws.ca/products/20083526001/b1/en/front/20083526001_front_a01_@2.png",
                                            "mediumUrl": "https://assets.shop.loblaws.ca/products/20083526001/b3/en/front/20083526001_front_a06_@2.png",
                                            "largeUrl": "https://assets.shop.loblaws.ca/products/20083526001/b2/en/front/20083526001_front_a06_@2.png",
                                            "smallRetinaUrl": "https://assets.shop.loblaws.ca/products/20083526001/b1/en/front/20083526001_front_a01_@2.png",
                                            "mediumRetinaUrl": "https://assets.shop.loblaws.ca/products/20083526001/b3/en/front/20083526001_front_a06_@2.png",
                                            "largeRetinaUrl": "https://assets.shop.loblaws.ca/products/20083526001/b2/en/front/20083526001_front_a06_@2.png"
                                        }
                                    ],
                                    "brand": null,
                                    "title": "Royal Gala Apples",
                                    "description": "Royal Gala apples are sweet and crisp with pink-orange stripes over a yellow background. They are juicy, fragrant, and best enjoyed raw. Try sliced Royal Gala apples on a salad with blue cheese and toasted walnuts.",
                                    "packageSizing": "$5.49/1kg $2.49/1lb",
                                    "pricing": {
                                        "price": "1.15",
                                        "wasPrice": null,
                                        "displayPrice": "about $1.15",
                                        "memberOnlyPrice": null,
                                        "mopDisplayPrice": null
                                    },
                                    "pricingUnits": {
                                        "type": "SOLD_BY_EACH_PRICED_BY_WEIGHT",
                                        "unit": "ea",
                                        "interval": 1,
                                        "minOrderQuantity": 1,
                                        "maxOrderQuantity": 25,
                                        "weighted": false
                                    },
                                    "deal": null,
                                    "mopDeal": null,
                                    "pcoDeal": null,
                                    "inventoryIndicator": null,
                                    "offerType": "OG",
                                    "offerId": "OG",
                                    "action": null,
                                    "isVariant": false,
                                    "link": "/royal-gala-apples/p/20083526001_KG",
                                    "productVendor": null,
                                    "productVariant": null,
                                    "textBadge": "",
                                    "variantTheme": null,
                                    "articleNumber": "20083526001",
                                    "uom": "KG",
                                    "sponsoredCreative": null,
                                    "isSponsored": false,
                                    "isComplementarySponsored": false,
                                    "complementarySponsoredBadgeText": null,
                                    "productBadge": null
                                },
                                {
                                    "index": 19,
                                    "productId": "20172240001_KG",
                                    "productImage": [
                                        {
                                            "imageUrl": "https://assets.shop.loblaws.ca/products/20172240001/b2/en/front/20172240001_front_a06_@2.png",
                                            "smallUrl": "https://assets.shop.loblaws.ca/products/20172240001/b1/en/front/20172240001_front_a01_@2.png",
                                            "mediumUrl": "https://assets.shop.loblaws.ca/products/20172240001/b3/en/front/20172240001_front_a06_@2.png",
                                            "largeUrl": "https://assets.shop.loblaws.ca/products/20172240001/b2/en/front/20172240001_front_a06_@2.png",
                                            "smallRetinaUrl": "https://assets.shop.loblaws.ca/products/20172240001/b1/en/front/20172240001_front_a01_@2.png",
                                            "mediumRetinaUrl": "https://assets.shop.loblaws.ca/products/20172240001/b3/en/front/20172240001_front_a06_@2.png",
                                            "largeRetinaUrl": "https://assets.shop.loblaws.ca/products/20172240001/b2/en/front/20172240001_front_a06_@2.png"
                                        }
                                    ],
                                    "brand": null,
                                    "title": "Bartlett Pears",
                                    "description": "Bartlett pears are bell shaped with smooth yellowish-green skin, often with a hint of red. They are sweet and juicy, the perfect choice for eating fresh as a snack. If you decide to add pears to your next cheese tray, a little lemon juice will keep them from browning once cut.",
                                    "packageSizing": "$4.39/1kg $1.99/1lb",
                                    "pricing": {
                                        "price": "0.92",
                                        "wasPrice": "$1.38",
                                        "displayPrice": "about $0.92",
                                        "memberOnlyPrice": null,
                                        "mopDisplayPrice": null
                                    },
                                    "pricingUnits": {
                                        "type": "SOLD_BY_EACH_PRICED_BY_WEIGHT",
                                        "unit": "ea",
                                        "interval": 1,
                                        "minOrderQuantity": 1,
                                        "maxOrderQuantity": 25,
                                        "weighted": false
                                    },
                                    "deal": {
                                        "type": "SALE",
                                        "text": "SAVE $0.46",
                                        "points": 0,
                                        "name": "SALE",
                                        "expiryDate": "2024-07-10T00:00:00Z",
                                        "dealPrice": null
                                    },
                                    "mopDeal": null,
                                    "pcoDeal": null,
                                    "inventoryIndicator": null,
                                    "offerType": "OG",
                                    "offerId": "OG",
                                    "action": null,
                                    "isVariant": false,
                                    "link": "/bartlett-pears/p/20172240001_KG",
                                    "productVendor": null,
                                    "productVariant": null,
                                    "textBadge": "",
                                    "variantTheme": null,
                                    "articleNumber": "20172240001",
                                    "uom": "KG",
                                    "sponsoredCreative": null,
                                    "isSponsored": false,
                                    "isComplementarySponsored": false,
                                    "complementarySponsoredBadgeText": null,
                                    "productBadge": null
                                },
                                {
                                    "index": 20,
                                    "productId": "20426078001_KG",
                                    "productImage": [
                                        {
                                            "imageUrl": "https://assets.shop.loblaws.ca/products/20426078001/b2/en/front/20426078001_front_a06_@2.png",
                                            "smallUrl": "https://assets.shop.loblaws.ca/products/20426078001/b1/en/front/20426078001_front_a01_@2.png",
                                            "mediumUrl": "https://assets.shop.loblaws.ca/products/20426078001/b3/en/front/20426078001_front_a06_@2.png",
                                            "largeUrl": "https://assets.shop.loblaws.ca/products/20426078001/b2/en/front/20426078001_front_a06_@2.png",
                                            "smallRetinaUrl": "https://assets.shop.loblaws.ca/products/20426078001/b1/en/front/20426078001_front_a01_@2.png",
                                            "mediumRetinaUrl": "https://assets.shop.loblaws.ca/products/20426078001/b3/en/front/20426078001_front_a06_@2.png",
                                            "largeRetinaUrl": "https://assets.shop.loblaws.ca/products/20426078001/b2/en/front/20426078001_front_a06_@2.png"
                                        }
                                    ],
                                    "brand": null,
                                    "title": "Navel Orange",
                                    "description": "Navel oranges are bright orange, easy to peel, and have a sweet and seedless pulp. These popular oranges are an easy snack on the go but can also be used to glaze chicken, duck, and pork.",
                                    "packageSizing": "$4.39/1kg $1.99/1lb",
                                    "pricing": {
                                        "price": "1.54",
                                        "wasPrice": null,
                                        "displayPrice": "about $1.54",
                                        "memberOnlyPrice": null,
                                        "mopDisplayPrice": null
                                    },
                                    "pricingUnits": {
                                        "type": "SOLD_BY_EACH_PRICED_BY_WEIGHT",
                                        "unit": "ea",
                                        "interval": 1,
                                        "minOrderQuantity": 1,
                                        "maxOrderQuantity": 25,
                                        "weighted": false
                                    },
                                    "deal": null,
                                    "mopDeal": null,
                                    "pcoDeal": null,
                                    "inventoryIndicator": null,
                                    "offerType": "OG",
                                    "offerId": "OG",
                                    "action": null,
                                    "isVariant": false,
                                    "link": "/navel-orange/p/20426078001_KG",
                                    "productVendor": null,
                                    "productVariant": null,
                                    "textBadge": "",
                                    "variantTheme": null,
                                    "articleNumber": "20426078001",
                                    "uom": "KG",
                                    "sponsoredCreative": null,
                                    "isSponsored": false,
                                    "isComplementarySponsored": false,
                                    "complementarySponsoredBadgeText": null,
                                    "productBadge": null
                                },
                                {
                                    "index": 21,
                                    "productId": "20132621001_KG",
                                    "productImage": [
                                        {
                                            "imageUrl": "https://assets.shop.loblaws.ca/products/20132621001/b2/en/front/20132621001_front_a06_@2.png",
                                            "smallUrl": "https://assets.shop.loblaws.ca/products/20132621001/b1/en/front/20132621001_front_a01_@2.png",
                                            "mediumUrl": "https://assets.shop.loblaws.ca/products/20132621001/b3/en/front/20132621001_front_a06_@2.png",
                                            "largeUrl": "https://assets.shop.loblaws.ca/products/20132621001/b2/en/front/20132621001_front_a06_@2.png",
                                            "smallRetinaUrl": "https://assets.shop.loblaws.ca/products/20132621001/b1/en/front/20132621001_front_a01_@2.png",
                                            "mediumRetinaUrl": "https://assets.shop.loblaws.ca/products/20132621001/b3/en/front/20132621001_front_a06_@2.png",
                                            "largeRetinaUrl": "https://assets.shop.loblaws.ca/products/20132621001/b2/en/front/20132621001_front_a06_@2.png"
                                        },
                                        {
                                            "imageUrl": "https://assets.shop.loblaws.ca/products/20132621001/b2/en/open/20132621001_open_a06_@2.png",
                                            "smallUrl": "https://assets.shop.loblaws.ca/products/20132621001/b1/en/open/20132621001_open_a01_@2.png",
                                            "mediumUrl": "https://assets.shop.loblaws.ca/products/20132621001/b3/en/open/20132621001_open_a06_@2.png",
                                            "largeUrl": "https://assets.shop.loblaws.ca/products/20132621001/b2/en/open/20132621001_open_a06_@2.png",
                                            "smallRetinaUrl": "https://assets.shop.loblaws.ca/products/20132621001/b1/en/open/20132621001_open_a01_@2.png",
                                            "mediumRetinaUrl": "https://assets.shop.loblaws.ca/products/20132621001/b3/en/open/20132621001_open_a06_@2.png",
                                            "largeRetinaUrl": "https://assets.shop.loblaws.ca/products/20132621001/b2/en/open/20132621001_open_a06_@2.png"
                                        }
                                    ],
                                    "brand": null,
                                    "title": "Honeycrisp Apples",
                                    "description": "Honeycrisp apples have a distinctive red-speckled, yellowish skin. They are a great snacking apple and a good choice for adding some sweetness to your salad, but they are also delicious baked in a traditional apple crisp with some brown sugar and cinnamon.",
                                    "packageSizing": "$8.80/1kg $3.99/1lb",
                                    "pricing": {
                                        "price": "2.11",
                                        "wasPrice": null,
                                        "displayPrice": "about $2.11",
                                        "memberOnlyPrice": null,
                                        "mopDisplayPrice": null
                                    },
                                    "pricingUnits": {
                                        "type": "SOLD_BY_EACH_PRICED_BY_WEIGHT",
                                        "unit": "ea",
                                        "interval": 1,
                                        "minOrderQuantity": 1,
                                        "maxOrderQuantity": 25,
                                        "weighted": false
                                    },
                                    "deal": null,
                                    "mopDeal": null,
                                    "pcoDeal": null,
                                    "inventoryIndicator": null,
                                    "offerType": "OG",
                                    "offerId": "OG",
                                    "action": null,
                                    "isVariant": false,
                                    "link": "/honeycrisp-apples/p/20132621001_KG",
                                    "productVendor": null,
                                    "productVariant": null,
                                    "textBadge": "",
                                    "variantTheme": null,
                                    "articleNumber": "20132621001",
                                    "uom": "KG",
                                    "sponsoredCreative": null,
                                    "isSponsored": false,
                                    "isComplementarySponsored": false,
                                    "complementarySponsoredBadgeText": null,
                                    "productBadge": null
                                },
                                {
                                    "index": 22,
                                    "productId": "20826568001_EA",
                                    "productImage": [
                                        {
                                            "imageUrl": "https://assets.shop.loblaws.ca/products/20826568001/b2/en/front/20826568001_front_a06_@2.png",
                                            "smallUrl": "https://assets.shop.loblaws.ca/products/20826568001/b1/en/front/20826568001_front_a01_@2.png",
                                            "mediumUrl": "https://assets.shop.loblaws.ca/products/20826568001/b3/en/front/20826568001_front_a06_@2.png",
                                            "largeUrl": "https://assets.shop.loblaws.ca/products/20826568001/b2/en/front/20826568001_front_a06_@2.png",
                                            "smallRetinaUrl": "https://assets.shop.loblaws.ca/products/20826568001/b1/en/front/20826568001_front_a01_@2.png",
                                            "mediumRetinaUrl": "https://assets.shop.loblaws.ca/products/20826568001/b3/en/front/20826568001_front_a06_@2.png",
                                            "largeRetinaUrl": "https://assets.shop.loblaws.ca/products/20826568001/b2/en/front/20826568001_front_a06_@2.png"
                                        },
                                        {
                                            "imageUrl": "https://assets.shop.loblaws.ca/products/20826568001/b2/en/angle/20826568001_angle_a06_@2.png",
                                            "smallUrl": "https://assets.shop.loblaws.ca/products/20826568001/b1/en/angle/20826568001_angle_a01_@2.png",
                                            "mediumUrl": "https://assets.shop.loblaws.ca/products/20826568001/b3/en/angle/20826568001_angle_a06_@2.png",
                                            "largeUrl": "https://assets.shop.loblaws.ca/products/20826568001/b2/en/angle/20826568001_angle_a06_@2.png",
                                            "smallRetinaUrl": "https://assets.shop.loblaws.ca/products/20826568001/b1/en/angle/20826568001_angle_a01_@2.png",
                                            "mediumRetinaUrl": "https://assets.shop.loblaws.ca/products/20826568001/b3/en/angle/20826568001_angle_a06_@2.png",
                                            "largeRetinaUrl": "https://assets.shop.loblaws.ca/products/20826568001/b2/en/angle/20826568001_angle_a06_@2.png"
                                        }
                                    ],
                                    "brand": "Farmer's Market",
                                    "title": "Peaches ",
                                    "description": "<p>Packaging may differ by region.</p><p>Peaches range in colour from pinkish-white to reddish-yellow and their flavour can be tart or sweet. If you don't like their fuzzy skin, you can easily peel peaches by blanching them in boiling water for about 30 seconds and then plunging them into ice water. Enjoy peaches as a snack, in a pie, or grilled with prosciutto.</p>",
                                    "packageSizing": "3 l, $0.30/100ml",
                                    "pricing": {
                                        "price": "8.99",
                                        "wasPrice": null,
                                        "displayPrice": "$8.99",
                                        "memberOnlyPrice": null,
                                        "mopDisplayPrice": null
                                    },
                                    "pricingUnits": {
                                        "type": "SOLD_BY_EACH",
                                        "unit": "ea",
                                        "interval": 1,
                                        "minOrderQuantity": 1,
                                        "maxOrderQuantity": 25,
                                        "weighted": false
                                    },
                                    "deal": null,
                                    "mopDeal": null,
                                    "pcoDeal": null,
                                    "inventoryIndicator": null,
                                    "offerType": "OG",
                                    "offerId": "OG",
                                    "action": null,
                                    "isVariant": false,
                                    "link": "/peaches/p/20826568001_EA",
                                    "productVendor": null,
                                    "productVariant": null,
                                    "textBadge": "",
                                    "variantTheme": null,
                                    "articleNumber": "20826568001",
                                    "uom": "EA",
                                    "sponsoredCreative": null,
                                    "isSponsored": false,
                                    "isComplementarySponsored": false,
                                    "complementarySponsoredBadgeText": null,
                                    "productBadge": null
                                },
                                {
                                    "index": 23,
                                    "productId": "20253488001_KG",
                                    "productImage": [
                                        {
                                            "imageUrl": "https://assets.shop.loblaws.ca/products/20253488001/b2/en/front/20253488001_front_a06_@2.png",
                                            "smallUrl": "https://assets.shop.loblaws.ca/products/20253488001/b1/en/front/20253488001_front_a01_@2.png",
                                            "mediumUrl": "https://assets.shop.loblaws.ca/products/20253488001/b3/en/front/20253488001_front_a06_@2.png",
                                            "largeUrl": "https://assets.shop.loblaws.ca/products/20253488001/b2/en/front/20253488001_front_a06_@2.png",
                                            "smallRetinaUrl": "https://assets.shop.loblaws.ca/products/20253488001/b1/en/front/20253488001_front_a01_@2.png",
                                            "mediumRetinaUrl": "https://assets.shop.loblaws.ca/products/20253488001/b3/en/front/20253488001_front_a06_@2.png",
                                            "largeRetinaUrl": "https://assets.shop.loblaws.ca/products/20253488001/b2/en/front/20253488001_front_a06_@2.png"
                                        }
                                    ],
                                    "brand": null,
                                    "title": "Granny Smith Apples",
                                    "description": "Granny Smith apples are bright green and crisp with a tart flavour that is often recommended for pies. Take a Granny Smith apple with you for a snack on the go or add thin slices of apple and crisp bacon to your next grilled cheese sandwich.",
                                    "packageSizing": "$6.59/1kg $2.99/1lb",
                                    "pricing": {
                                        "price": "1.32",
                                        "wasPrice": null,
                                        "displayPrice": "about $1.32",
                                        "memberOnlyPrice": null,
                                        "mopDisplayPrice": null
                                    },
                                    "pricingUnits": {
                                        "type": "SOLD_BY_EACH_PRICED_BY_WEIGHT",
                                        "unit": "ea",
                                        "interval": 1,
                                        "minOrderQuantity": 1,
                                        "maxOrderQuantity": 25,
                                        "weighted": false
                                    },
                                    "deal": null,
                                    "mopDeal": null,
                                    "pcoDeal": null,
                                    "inventoryIndicator": null,
                                    "offerType": "OG",
                                    "offerId": "OG",
                                    "action": null,
                                    "isVariant": false,
                                    "link": "/granny-smith-apples/p/20253488001_KG",
                                    "productVendor": null,
                                    "productVariant": null,
                                    "textBadge": "",
                                    "variantTheme": null,
                                    "articleNumber": "20253488001",
                                    "uom": "KG",
                                    "sponsoredCreative": null,
                                    "isSponsored": false,
                                    "isComplementarySponsored": false,
                                    "complementarySponsoredBadgeText": null,
                                    "productBadge": null
                                },
                                {
                                    "index": 24,
                                    "productId": "20034947001_EA",
                                    "productImage": [
                                        {
                                            "imageUrl": "https://assets.shop.loblaws.ca/products/20034947001/b2/en/front/20034947001_front_a06_@2.png",
                                            "smallUrl": "https://assets.shop.loblaws.ca/products/20034947001/b1/en/front/20034947001_front_a01_@2.png",
                                            "mediumUrl": "https://assets.shop.loblaws.ca/products/20034947001/b3/en/front/20034947001_front_a06_@2.png",
                                            "largeUrl": "https://assets.shop.loblaws.ca/products/20034947001/b2/en/front/20034947001_front_a06_@2.png",
                                            "smallRetinaUrl": "https://assets.shop.loblaws.ca/products/20034947001/b1/en/front/20034947001_front_a01_@2.png",
                                            "mediumRetinaUrl": "https://assets.shop.loblaws.ca/products/20034947001/b3/en/front/20034947001_front_a06_@2.png",
                                            "largeRetinaUrl": "https://assets.shop.loblaws.ca/products/20034947001/b2/en/front/20034947001_front_a06_@2.png"
                                        }
                                    ],
                                    "brand": null,
                                    "title": "Raspberry Pint ",
                                    "description": "Raspberries are delicate fruit with bright red drupelets that connect to each other around a hollow central core. Their flavour is sweet but can also be tart if they aren\u2019t quite ripe. Add them to your morning cereal, smoothie, or yogurt, or indulge with raspberries topped with cream and chocolate shavings.",
                                    "packageSizing": "340 g, $2.94/100g",
                                    "pricing": {
                                        "price": "9.99",
                                        "wasPrice": null,
                                        "displayPrice": "$9.99",
                                        "memberOnlyPrice": null,
                                        "mopDisplayPrice": null
                                    },
                                    "pricingUnits": {
                                        "type": "SOLD_BY_EACH",
                                        "unit": "ea",
                                        "interval": 1,
                                        "minOrderQuantity": 1,
                                        "maxOrderQuantity": 25,
                                        "weighted": false
                                    },
                                    "deal": null,
                                    "mopDeal": null,
                                    "pcoDeal": null,
                                    "inventoryIndicator": null,
                                    "offerType": "OG",
                                    "offerId": "OG",
                                    "action": null,
                                    "isVariant": false,
                                    "link": "/raspberry-pint/p/20034947001_EA",
                                    "productVendor": null,
                                    "productVariant": null,
                                    "textBadge": "",
                                    "variantTheme": null,
                                    "articleNumber": "20034947001",
                                    "uom": "EA",
                                    "sponsoredCreative": null,
                                    "isSponsored": false,
                                    "isComplementarySponsored": false,
                                    "complementarySponsoredBadgeText": null,
                                    "productBadge": null
                                },
                                {
                                    "index": 25,
                                    "productId": "20795315001_EA",
                                    "productImage": [
                                        {
                                            "imageUrl": "https://assets.shop.loblaws.ca/products/20795315001/b2/en/front/20795315001_front_a06_@2.png",
                                            "smallUrl": "https://assets.shop.loblaws.ca/products/20795315001/b1/en/front/20795315001_front_a01_@2.png",
                                            "mediumUrl": "https://assets.shop.loblaws.ca/products/20795315001/b3/en/front/20795315001_front_a06_@2.png",
                                            "largeUrl": "https://assets.shop.loblaws.ca/products/20795315001/b2/en/front/20795315001_front_a06_@2.png",
                                            "smallRetinaUrl": "https://assets.shop.loblaws.ca/products/20795315001/b1/en/front/20795315001_front_a01_@2.png",
                                            "mediumRetinaUrl": "https://assets.shop.loblaws.ca/products/20795315001/b3/en/front/20795315001_front_a06_@2.png",
                                            "largeRetinaUrl": "https://assets.shop.loblaws.ca/products/20795315001/b2/en/front/20795315001_front_a06_@2.png"
                                        }
                                    ],
                                    "brand": "Farmer's Market",
                                    "title": "Lemons, 2 lb Bag",
                                    "description": "Lemons have a bright yellow peel and can vary in size depending on the variety. This citrus fruit produces a tart, acidic juice that will add flavour to your salad dressings, beverages, and marinades. Lemon juice and rinds are also versatile ingredients for baking everything from cookies and cakes to a classic lemon meringue pie.",
                                    "packageSizing": "907 g, $0.66/100g",
                                    "pricing": {
                                        "price": "5.99",
                                        "wasPrice": null,
                                        "displayPrice": "$5.99",
                                        "memberOnlyPrice": null,
                                        "mopDisplayPrice": null
                                    },
                                    "pricingUnits": {
                                        "type": "SOLD_BY_EACH",
                                        "unit": "ea",
                                        "interval": 1,
                                        "minOrderQuantity": 1,
                                        "maxOrderQuantity": 25,
                                        "weighted": false
                                    },
                                    "deal": null,
                                    "mopDeal": null,
                                    "pcoDeal": null,
                                    "inventoryIndicator": null,
                                    "offerType": "OG",
                                    "offerId": "OG",
                                    "action": null,
                                    "isVariant": false,
                                    "link": "/lemons-2-lb-bag/p/20795315001_EA",
                                    "productVendor": null,
                                    "productVariant": null,
                                    "textBadge": "",
                                    "variantTheme": null,
                                    "articleNumber": "20795315001",
                                    "uom": "EA",
                                    "sponsoredCreative": null,
                                    "isSponsored": false,
                                    "isComplementarySponsored": false,
                                    "complementarySponsoredBadgeText": null,
                                    "productBadge": null
                                },
                                {
                                    "index": 26,
                                    "productId": "20055266001_EA",
                                    "productImage": [
                                        {
                                            "imageUrl": "https://assets.shop.loblaws.ca/products/20055266001/b2/en/front/20055266001_front_a06_@2.png",
                                            "smallUrl": "https://assets.shop.loblaws.ca/products/20055266001/b1/en/front/20055266001_front_a01_@2.png",
                                            "mediumUrl": "https://assets.shop.loblaws.ca/products/20055266001/b3/en/front/20055266001_front_a06_@2.png",
                                            "largeUrl": "https://assets.shop.loblaws.ca/products/20055266001/b2/en/front/20055266001_front_a06_@2.png",
                                            "smallRetinaUrl": "https://assets.shop.loblaws.ca/products/20055266001/b1/en/front/20055266001_front_a01_@2.png",
                                            "mediumRetinaUrl": "https://assets.shop.loblaws.ca/products/20055266001/b3/en/front/20055266001_front_a06_@2.png",
                                            "largeRetinaUrl": "https://assets.shop.loblaws.ca/products/20055266001/b2/en/front/20055266001_front_a06_@2.png"
                                        }
                                    ],
                                    "brand": null,
                                    "title": "Avocado",
                                    "description": "Avocados have a pebbly skin that turns from dark green to near black when ripe. Cut lengthwise, twist to separate the halves, and scoop out the creamy, pale green flesh for guacamole (lemon juice will keep the flesh from discolouring) and smoothies, or add sliced avocado to salad or a BLT sandwich.",
                                    "packageSizing": "1 ea, $2.99/1ea",
                                    "pricing": {
                                        "price": "2.99",
                                        "wasPrice": null,
                                        "displayPrice": "$2.99",
                                        "memberOnlyPrice": null,
                                        "mopDisplayPrice": null
                                    },
                                    "pricingUnits": {
                                        "type": "SOLD_BY_EACH",
                                        "unit": "ea",
                                        "interval": 1,
                                        "minOrderQuantity": 1,
                                        "maxOrderQuantity": 25,
                                        "weighted": false
                                    },
                                    "deal": null,
                                    "mopDeal": null,
                                    "pcoDeal": null,
                                    "inventoryIndicator": null,
                                    "offerType": "OG",
                                    "offerId": "OG",
                                    "action": null,
                                    "isVariant": false,
                                    "link": "/avocado/p/20055266001_EA",
                                    "productVendor": null,
                                    "productVariant": null,
                                    "textBadge": "",
                                    "variantTheme": null,
                                    "articleNumber": "20055266001",
                                    "uom": "EA",
                                    "sponsoredCreative": null,
                                    "isSponsored": false,
                                    "isComplementarySponsored": false,
                                    "complementarySponsoredBadgeText": null,
                                    "productBadge": null
                                },
                                {
                                    "index": 27,
                                    "productId": "21124368001_EA",
                                    "productImage": [
                                        {
                                            "imageUrl": "https://assets.shop.loblaws.ca/products/21124368001/b2/en/front/21124368001_front_a06_@2.png",
                                            "smallUrl": "https://assets.shop.loblaws.ca/products/21124368001/b1/en/front/21124368001_front_a01_@2.png",
                                            "mediumUrl": "https://assets.shop.loblaws.ca/products/21124368001/b3/en/front/21124368001_front_a06_@2.png",
                                            "largeUrl": "https://assets.shop.loblaws.ca/products/21124368001/b2/en/front/21124368001_front_a06_@2.png",
                                            "smallRetinaUrl": "https://assets.shop.loblaws.ca/products/21124368001/b1/en/front/21124368001_front_a01_@2.png",
                                            "mediumRetinaUrl": "https://assets.shop.loblaws.ca/products/21124368001/b3/en/front/21124368001_front_a06_@2.png",
                                            "largeRetinaUrl": "https://assets.shop.loblaws.ca/products/21124368001/b2/en/front/21124368001_front_a06_@2.png"
                                        }
                                    ],
                                    "brand": "No Name",
                                    "title": "Naturally Imperfect Limes",
                                    "description": null,
                                    "packageSizing": "907 g, $0.77/100g",
                                    "pricing": {
                                        "price": "6.99",
                                        "wasPrice": null,
                                        "displayPrice": "$6.99",
                                        "memberOnlyPrice": null,
                                        "mopDisplayPrice": null
                                    },
                                    "pricingUnits": {
                                        "type": "SOLD_BY_EACH",
                                        "unit": "ea",
                                        "interval": 1,
                                        "minOrderQuantity": 1,
                                        "maxOrderQuantity": 25,
                                        "weighted": false
                                    },
                                    "deal": null,
                                    "mopDeal": null,
                                    "pcoDeal": null,
                                    "inventoryIndicator": null,
                                    "offerType": "OG",
                                    "offerId": "OG",
                                    "action": null,
                                    "isVariant": false,
                                    "link": "/naturally-imperfect-limes/p/21124368001_EA",
                                    "productVendor": null,
                                    "productVariant": null,
                                    "textBadge": "",
                                    "variantTheme": null,
                                    "articleNumber": "21124368001",
                                    "uom": "EA",
                                    "sponsoredCreative": null,
                                    "isSponsored": false,
                                    "isComplementarySponsored": false,
                                    "complementarySponsoredBadgeText": null,
                                    "productBadge": null
                                },
                                {
                                    "index": 28,
                                    "productId": "20121509001_EA",
                                    "productImage": [
                                        {
                                            "imageUrl": "https://assets.shop.loblaws.ca/products/20121509001/b2/en/front/20121509001_front_a06_@2.png",
                                            "smallUrl": "https://assets.shop.loblaws.ca/products/20121509001/b1/en/front/20121509001_front_a01_@2.png",
                                            "mediumUrl": "https://assets.shop.loblaws.ca/products/20121509001/b3/en/front/20121509001_front_a06_@2.png",
                                            "largeUrl": "https://assets.shop.loblaws.ca/products/20121509001/b2/en/front/20121509001_front_a06_@2.png",
                                            "smallRetinaUrl": "https://assets.shop.loblaws.ca/products/20121509001/b1/en/front/20121509001_front_a01_@2.png",
                                            "mediumRetinaUrl": "https://assets.shop.loblaws.ca/products/20121509001/b3/en/front/20121509001_front_a06_@2.png",
                                            "largeRetinaUrl": "https://assets.shop.loblaws.ca/products/20121509001/b2/en/front/20121509001_front_a06_@2.png"
                                        }
                                    ],
                                    "brand": null,
                                    "title": "Ataulfo Mango",
                                    "description": "Mangoes have a firm, fibrous orange flesh and sweet flavour. Their skin is typically greenish-yellow with a red blush covering most of it, but colour isn\u2019t a reliable way of way of testing for ripeness. Instead, squeeze the mango gently. If it\u2019s ripe it will give slightly. Enjoy mango on its own, in fruit salad, or chutney.",
                                    "packageSizing": "1 ea, $0.99/1ea",
                                    "pricing": {
                                        "price": "0.99",
                                        "wasPrice": "$2.49",
                                        "displayPrice": "$0.99",
                                        "memberOnlyPrice": null,
                                        "mopDisplayPrice": null
                                    },
                                    "pricingUnits": {
                                        "type": "SOLD_BY_EACH",
                                        "unit": "ea",
                                        "interval": 1,
                                        "minOrderQuantity": 1,
                                        "maxOrderQuantity": 25,
                                        "weighted": false
                                    },
                                    "deal": {
                                        "type": "SALE",
                                        "text": "SAVE $1.50",
                                        "points": 0,
                                        "name": "SALE",
                                        "expiryDate": "2024-07-10T00:00:00Z",
                                        "dealPrice": null
                                    },
                                    "mopDeal": null,
                                    "pcoDeal": null,
                                    "inventoryIndicator": null,
                                    "offerType": "OG",
                                    "offerId": "OG",
                                    "action": null,
                                    "isVariant": false,
                                    "link": "/ataulfo-mango/p/20121509001_EA",
                                    "productVendor": null,
                                    "productVariant": null,
                                    "textBadge": "",
                                    "variantTheme": null,
                                    "articleNumber": "20121509001",
                                    "uom": "EA",
                                    "sponsoredCreative": null,
                                    "isSponsored": false,
                                    "isComplementarySponsored": false,
                                    "complementarySponsoredBadgeText": null,
                                    "productBadge": null
                                },
                                {
                                    "index": 29,
                                    "productId": "20130242001_EA",
                                    "productImage": [
                                        {
                                            "imageUrl": "https://assets.shop.loblaws.ca/products/20130242001/b2/en/front/20130242001_front_a06_@2.png",
                                            "smallUrl": "https://assets.shop.loblaws.ca/products/20130242001/b1/en/front/20130242001_front_a01_@2.png",
                                            "mediumUrl": "https://assets.shop.loblaws.ca/products/20130242001/b3/en/front/20130242001_front_a06_@2.png",
                                            "largeUrl": "https://assets.shop.loblaws.ca/products/20130242001/b2/en/front/20130242001_front_a06_@2.png",
                                            "smallRetinaUrl": "https://assets.shop.loblaws.ca/products/20130242001/b1/en/front/20130242001_front_a01_@2.png",
                                            "mediumRetinaUrl": "https://assets.shop.loblaws.ca/products/20130242001/b3/en/front/20130242001_front_a06_@2.png",
                                            "largeRetinaUrl": "https://assets.shop.loblaws.ca/products/20130242001/b2/en/front/20130242001_front_a06_@2.png"
                                        }
                                    ],
                                    "brand": null,
                                    "title": "Kiwis",
                                    "description": "\r\n  Green\r\n  kiwis are egg-shaped with fuzzy brown skin. Inside, their green flesh is\r\n  speckled with tiny black edible seeds and their flavour is sweet and\r\n  sometimes tart. You can peel and slice your kiwi or just cut it in half and\r\n  scoop out the flesh. They retain their bright green colour even when exposed\r\n  to air so kiwi is a good choice for fruit salad and fresh fruit tarts.\r\n",
                                    "packageSizing": "1 ea, $0.99/1ea",
                                    "pricing": {
                                        "price": "0.99",
                                        "wasPrice": null,
                                        "displayPrice": "$0.99",
                                        "memberOnlyPrice": null,
                                        "mopDisplayPrice": null
                                    },
                                    "pricingUnits": {
                                        "type": "SOLD_BY_EACH",
                                        "unit": "ea",
                                        "interval": 1,
                                        "minOrderQuantity": 1,
                                        "maxOrderQuantity": 25,
                                        "weighted": false
                                    },
                                    "deal": null,
                                    "mopDeal": null,
                                    "pcoDeal": null,
                                    "inventoryIndicator": null,
                                    "offerType": "OG",
                                    "offerId": "OG",
                                    "action": null,
                                    "isVariant": false,
                                    "link": "/kiwis/p/20130242001_EA",
                                    "productVendor": null,
                                    "productVariant": null,
                                    "textBadge": "",
                                    "variantTheme": null,
                                    "articleNumber": "20130242001",
                                    "uom": "EA",
                                    "sponsoredCreative": null,
                                    "isSponsored": false,
                                    "isComplementarySponsored": false,
                                    "complementarySponsoredBadgeText": null,
                                    "productBadge": null
                                },
                                {
                                    "index": 30,
                                    "productId": "20905336001_EA",
                                    "productImage": [
                                        {
                                            "imageUrl": "https://assets.shop.loblaws.ca/products/20905336001/b2/en/front/20905336001_front_a06_@2.png",
                                            "smallUrl": "https://assets.shop.loblaws.ca/products/20905336001/b1/en/front/20905336001_front_a01_@2.png",
                                            "mediumUrl": "https://assets.shop.loblaws.ca/products/20905336001/b3/en/front/20905336001_front_a06_@2.png",
                                            "largeUrl": "https://assets.shop.loblaws.ca/products/20905336001/b2/en/front/20905336001_front_a06_@2.png",
                                            "smallRetinaUrl": "https://assets.shop.loblaws.ca/products/20905336001/b1/en/front/20905336001_front_a01_@2.png",
                                            "mediumRetinaUrl": "https://assets.shop.loblaws.ca/products/20905336001/b3/en/front/20905336001_front_a06_@2.png",
                                            "largeRetinaUrl": "https://assets.shop.loblaws.ca/products/20905336001/b2/en/front/20905336001_front_a06_@2.png"
                                        },
                                        {
                                            "imageUrl": "https://assets.shop.loblaws.ca/products/20905336001/b2/en/angle/20905336001_angle_a06_@2.png",
                                            "smallUrl": "https://assets.shop.loblaws.ca/products/20905336001/b1/en/angle/20905336001_angle_a01_@2.png",
                                            "mediumUrl": "https://assets.shop.loblaws.ca/products/20905336001/b3/en/angle/20905336001_angle_a06_@2.png",
                                            "largeUrl": "https://assets.shop.loblaws.ca/products/20905336001/b2/en/angle/20905336001_angle_a06_@2.png",
                                            "smallRetinaUrl": "https://assets.shop.loblaws.ca/products/20905336001/b1/en/angle/20905336001_angle_a01_@2.png",
                                            "mediumRetinaUrl": "https://assets.shop.loblaws.ca/products/20905336001/b3/en/angle/20905336001_angle_a06_@2.png",
                                            "largeRetinaUrl": "https://assets.shop.loblaws.ca/products/20905336001/b2/en/angle/20905336001_angle_a06_@2.png"
                                        }
                                    ],
                                    "brand": "Farmer's Market",
                                    "title": "Nectarine",
                                    "description": "<p>Packaging may differ by region.</p><p>Nectarines are fragrant and brightly coloured fruit with smooth skin and a firmer flesh than the peach. Nectarines become sweeter as they ripen so avoid those that are too hard or overly green. They are perfect on salads and baked in pies, or grill nectarine halves and serve with ice cream.</p>",
                                    "packageSizing": "2 l, $0.45/100ml",
                                    "pricing": {
                                        "price": "8.99",
                                        "wasPrice": null,
                                        "displayPrice": "$8.99",
                                        "memberOnlyPrice": null,
                                        "mopDisplayPrice": null
                                    },
                                    "pricingUnits": {
                                        "type": "SOLD_BY_EACH",
                                        "unit": "ea",
                                        "interval": 1,
                                        "minOrderQuantity": 1,
                                        "maxOrderQuantity": 25,
                                        "weighted": false
                                    },
                                    "deal": null,
                                    "mopDeal": null,
                                    "pcoDeal": null,
                                    "inventoryIndicator": null,
                                    "offerType": "OG",
                                    "offerId": "OG",
                                    "action": null,
                                    "isVariant": false,
                                    "link": "/nectarine/p/20905336001_EA",
                                    "productVendor": null,
                                    "productVariant": null,
                                    "textBadge": "",
                                    "variantTheme": null,
                                    "articleNumber": "20905336001",
                                    "uom": "EA",
                                    "sponsoredCreative": null,
                                    "isSponsored": false,
                                    "isComplementarySponsored": false,
                                    "complementarySponsoredBadgeText": null,
                                    "productBadge": null
                                },
                                {
                                    "index": 31,
                                    "productId": "20162945001_EA",
                                    "productImage": [
                                        {
                                            "imageUrl": "https://assets.shop.loblaws.ca/products/20162945001/b2/en/front/20162945001_front_a06_@2.png",
                                            "smallUrl": "https://assets.shop.loblaws.ca/products/20162945001/b1/en/front/20162945001_front_a01_@2.png",
                                            "mediumUrl": "https://assets.shop.loblaws.ca/products/20162945001/b3/en/front/20162945001_front_a06_@2.png",
                                            "largeUrl": "https://assets.shop.loblaws.ca/products/20162945001/b2/en/front/20162945001_front_a06_@2.png",
                                            "smallRetinaUrl": "https://assets.shop.loblaws.ca/products/20162945001/b1/en/front/20162945001_front_a01_@2.png",
                                            "mediumRetinaUrl": "https://assets.shop.loblaws.ca/products/20162945001/b3/en/front/20162945001_front_a06_@2.png",
                                            "largeRetinaUrl": "https://assets.shop.loblaws.ca/products/20162945001/b2/en/front/20162945001_front_a06_@2.png"
                                        },
                                        {
                                            "imageUrl": "https://assets.shop.loblaws.ca/products/20162945001/b2/en/top/20162945001_top_a06_@2.png",
                                            "smallUrl": "https://assets.shop.loblaws.ca/products/20162945001/b1/en/top/20162945001_top_a01_@2.png",
                                            "mediumUrl": "https://assets.shop.loblaws.ca/products/20162945001/b3/en/top/20162945001_top_a06_@2.png",
                                            "largeUrl": "https://assets.shop.loblaws.ca/products/20162945001/b2/en/top/20162945001_top_a06_@2.png",
                                            "smallRetinaUrl": "https://assets.shop.loblaws.ca/products/20162945001/b1/en/top/20162945001_top_a01_@2.png",
                                            "mediumRetinaUrl": "https://assets.shop.loblaws.ca/products/20162945001/b3/en/top/20162945001_top_a06_@2.png",
                                            "largeRetinaUrl": "https://assets.shop.loblaws.ca/products/20162945001/b2/en/top/20162945001_top_a06_@2.png"
                                        }
                                    ],
                                    "brand": "Farmer's Market",
                                    "title": "Navel Oranges, 3 lb Bag",
                                    "description": "Navel oranges are bright orange, easy to peel, and have a sweet and seedless pulp. These popular oranges are an easy snack on the go but can also be used to glaze chicken, duck, and pork.",
                                    "packageSizing": "1.36 kg, $0.44/100g",
                                    "pricing": {
                                        "price": "5.99",
                                        "wasPrice": null,
                                        "displayPrice": "$5.99",
                                        "memberOnlyPrice": null,
                                        "mopDisplayPrice": null
                                    },
                                    "pricingUnits": {
                                        "type": "SOLD_BY_EACH",
                                        "unit": "ea",
                                        "interval": 1,
                                        "minOrderQuantity": 1,
                                        "maxOrderQuantity": 25,
                                        "weighted": false
                                    },
                                    "deal": null,
                                    "mopDeal": null,
                                    "pcoDeal": null,
                                    "inventoryIndicator": null,
                                    "offerType": "OG",
                                    "offerId": "OG",
                                    "action": null,
                                    "isVariant": false,
                                    "link": "/navel-oranges-3-lb-bag/p/20162945001_EA",
                                    "productVendor": null,
                                    "productVariant": null,
                                    "textBadge": "",
                                    "variantTheme": null,
                                    "articleNumber": "20162945001",
                                    "uom": "EA",
                                    "sponsoredCreative": null,
                                    "isSponsored": false,
                                    "isComplementarySponsored": false,
                                    "complementarySponsoredBadgeText": null,
                                    "productBadge": null
                                },
                                {
                                    "index": 32,
                                    "productId": "21027142001_EA",
                                    "productImage": [
                                        {
                                            "imageUrl": "https://assets.shop.loblaws.ca/products/21027142001/b2/en/front/21027142001_front_a06_@2.png",
                                            "smallUrl": "https://assets.shop.loblaws.ca/products/21027142001/b1/en/front/21027142001_front_a01_@2.png",
                                            "mediumUrl": "https://assets.shop.loblaws.ca/products/21027142001/b3/en/front/21027142001_front_a06_@2.png",
                                            "largeUrl": "https://assets.shop.loblaws.ca/products/21027142001/b2/en/front/21027142001_front_a06_@2.png",
                                            "smallRetinaUrl": "https://assets.shop.loblaws.ca/products/21027142001/b1/en/front/21027142001_front_a01_@2.png",
                                            "mediumRetinaUrl": "https://assets.shop.loblaws.ca/products/21027142001/b3/en/front/21027142001_front_a06_@2.png",
                                            "largeRetinaUrl": "https://assets.shop.loblaws.ca/products/21027142001/b2/en/front/21027142001_front_a06_@2.png"
                                        }
                                    ],
                                    "brand": "President's Choice",
                                    "title": "Ontario Greenhouse-Grown Strawberries ",
                                    "description": "We made strawberry season\u2026endless. Always sweet and full of flavour, our juicy strawberries are greenhouse-grown all year round in Ontario. Gone are the days when there was only a small window of time to make your best jams\u2026and pies, tarts, shortcake, scones. You get the idea. Incredible for snacking just as they are, and they\u2019re a must in fruit platters and smoothie bowls. Add by the handful to shakes and other blended drinks (frozen daiquiri, anyone?). Slice in and on cereal, French toast, ice cream and salads \u2013 especially spinach salad with goat cheese.  ",
                                    "packageSizing": "340 g, $1.76/100g",
                                    "pricing": {
                                        "price": "5.99",
                                        "wasPrice": null,
                                        "displayPrice": "$5.99",
                                        "memberOnlyPrice": null,
                                        "mopDisplayPrice": null
                                    },
                                    "pricingUnits": {
                                        "type": "SOLD_BY_EACH",
                                        "unit": "ea",
                                        "interval": 1,
                                        "minOrderQuantity": 1,
                                        "maxOrderQuantity": 25,
                                        "weighted": false
                                    },
                                    "deal": null,
                                    "mopDeal": null,
                                    "pcoDeal": null,
                                    "inventoryIndicator": null,
                                    "offerType": "OG",
                                    "offerId": "OG",
                                    "action": null,
                                    "isVariant": false,
                                    "link": "/ontario-greenhouse-grown-strawberries/p/21027142001_EA",
                                    "productVendor": null,
                                    "productVariant": null,
                                    "textBadge": "",
                                    "variantTheme": null,
                                    "articleNumber": "21027142001",
                                    "uom": "EA",
                                    "sponsoredCreative": null,
                                    "isSponsored": false,
                                    "isComplementarySponsored": false,
                                    "complementarySponsoredBadgeText": null,
                                    "productBadge": null
                                },
                                {
                                    "index": 33,
                                    "productId": "20111926001_KG",
                                    "productImage": [
                                        {
                                            "imageUrl": "https://assets.shop.loblaws.ca/products/20111926001/b2/en/front/20111926001_front_a06_@2.png",
                                            "smallUrl": "https://assets.shop.loblaws.ca/products/20111926001/b1/en/front/20111926001_front_a01_@2.png",
                                            "mediumUrl": "https://assets.shop.loblaws.ca/products/20111926001/b3/en/front/20111926001_front_a06_@2.png",
                                            "largeUrl": "https://assets.shop.loblaws.ca/products/20111926001/b2/en/front/20111926001_front_a06_@2.png",
                                            "smallRetinaUrl": "https://assets.shop.loblaws.ca/products/20111926001/b1/en/front/20111926001_front_a01_@2.png",
                                            "mediumRetinaUrl": "https://assets.shop.loblaws.ca/products/20111926001/b3/en/front/20111926001_front_a06_@2.png",
                                            "largeRetinaUrl": "https://assets.shop.loblaws.ca/products/20111926001/b2/en/front/20111926001_front_a06_@2.png"
                                        },
                                        {
                                            "imageUrl": "https://assets.shop.loblaws.ca/products/20111926001/b2/en/angle/20111926001_angle_a06_@2.png",
                                            "smallUrl": "https://assets.shop.loblaws.ca/products/20111926001/b1/en/angle/20111926001_angle_a01_@2.png",
                                            "mediumUrl": "https://assets.shop.loblaws.ca/products/20111926001/b3/en/angle/20111926001_angle_a06_@2.png",
                                            "largeUrl": "https://assets.shop.loblaws.ca/products/20111926001/b2/en/angle/20111926001_angle_a06_@2.png",
                                            "smallRetinaUrl": "https://assets.shop.loblaws.ca/products/20111926001/b1/en/angle/20111926001_angle_a01_@2.png",
                                            "mediumRetinaUrl": "https://assets.shop.loblaws.ca/products/20111926001/b3/en/angle/20111926001_angle_a06_@2.png",
                                            "largeRetinaUrl": "https://assets.shop.loblaws.ca/products/20111926001/b2/en/angle/20111926001_angle_a06_@2.png"
                                        }
                                    ],
                                    "brand": null,
                                    "title": "Plantains, Single",
                                    "description": "Plantains are larger than regular bananas, with thicker skin and less sugar. They are typically cooked when green and have a mild flavour that is similar to squash.\u00a0",
                                    "packageSizing": "$3.28/1kg $1.49/1lb",
                                    "pricing": {
                                        "price": "1.08",
                                        "wasPrice": null,
                                        "displayPrice": "about $1.08",
                                        "memberOnlyPrice": null,
                                        "mopDisplayPrice": null
                                    },
                                    "pricingUnits": {
                                        "type": "SOLD_BY_EACH_PRICED_BY_WEIGHT",
                                        "unit": "ea",
                                        "interval": 1,
                                        "minOrderQuantity": 1,
                                        "maxOrderQuantity": 25,
                                        "weighted": false
                                    },
                                    "deal": null,
                                    "mopDeal": null,
                                    "pcoDeal": null,
                                    "inventoryIndicator": null,
                                    "offerType": "OG",
                                    "offerId": "OG",
                                    "action": null,
                                    "isVariant": false,
                                    "link": "/plantains-single/p/20111926001_KG",
                                    "productVendor": null,
                                    "productVariant": null,
                                    "textBadge": "",
                                    "variantTheme": null,
                                    "articleNumber": "20111926001",
                                    "uom": "KG",
                                    "sponsoredCreative": null,
                                    "isSponsored": false,
                                    "isComplementarySponsored": false,
                                    "complementarySponsoredBadgeText": null,
                                    "productBadge": null
                                },
                                {
                                    "index": 34,
                                    "productId": "21307212001_EA",
                                    "productImage": [
                                        {
                                            "imageUrl": "https://assets.shop.loblaws.ca/products/21307212001/b2/en/front/21307212001_front_a06_@2.png",
                                            "smallUrl": "https://assets.shop.loblaws.ca/products/21307212001/b1/en/front/21307212001_front_a01_@2.png",
                                            "mediumUrl": "https://assets.shop.loblaws.ca/products/21307212001/b3/en/front/21307212001_front_a06_@2.png",
                                            "largeUrl": "https://assets.shop.loblaws.ca/products/21307212001/b2/en/front/21307212001_front_a06_@2.png",
                                            "smallRetinaUrl": "https://assets.shop.loblaws.ca/products/21307212001/b1/en/front/21307212001_front_a01_@2.png",
                                            "mediumRetinaUrl": "https://assets.shop.loblaws.ca/products/21307212001/b3/en/front/21307212001_front_a06_@2.png",
                                            "largeRetinaUrl": "https://assets.shop.loblaws.ca/products/21307212001/b2/en/front/21307212001_front_a06_@2.png"
                                        },
                                        {
                                            "imageUrl": "https://assets.shop.loblaws.ca/products/21307212001/b2/en/angle/21307212001_angle_a06_@2.png",
                                            "smallUrl": "https://assets.shop.loblaws.ca/products/21307212001/b1/en/angle/21307212001_angle_a01_@2.png",
                                            "mediumUrl": "https://assets.shop.loblaws.ca/products/21307212001/b3/en/angle/21307212001_angle_a06_@2.png",
                                            "largeUrl": "https://assets.shop.loblaws.ca/products/21307212001/b2/en/angle/21307212001_angle_a06_@2.png",
                                            "smallRetinaUrl": "https://assets.shop.loblaws.ca/products/21307212001/b1/en/angle/21307212001_angle_a01_@2.png",
                                            "mediumRetinaUrl": "https://assets.shop.loblaws.ca/products/21307212001/b3/en/angle/21307212001_angle_a06_@2.png",
                                            "largeRetinaUrl": "https://assets.shop.loblaws.ca/products/21307212001/b2/en/angle/21307212001_angle_a06_@2.png"
                                        }
                                    ],
                                    "brand": "Farmer's Market",
                                    "title": "Ambrosia Apples",
                                    "description": "<p>Hand-picked and grown in Quebec, Ambrosia Apples are refreshing, crisp, and very sweet. These apples are great eaten as is, baked into pies and muffins, and chopped up in salads.</p>",
                                    "packageSizing": "1.814 kg, $0.50/100g",
                                    "pricing": {
                                        "price": "8.99",
                                        "wasPrice": null,
                                        "displayPrice": "$8.99",
                                        "memberOnlyPrice": null,
                                        "mopDisplayPrice": null
                                    },
                                    "pricingUnits": {
                                        "type": "SOLD_BY_EACH",
                                        "unit": "ea",
                                        "interval": 1,
                                        "minOrderQuantity": 1,
                                        "maxOrderQuantity": 25,
                                        "weighted": false
                                    },
                                    "deal": null,
                                    "mopDeal": null,
                                    "pcoDeal": null,
                                    "inventoryIndicator": null,
                                    "offerType": "OG",
                                    "offerId": "OG",
                                    "action": null,
                                    "isVariant": false,
                                    "link": "/ambrosia-apples/p/21307212001_EA",
                                    "productVendor": null,
                                    "productVariant": null,
                                    "textBadge": "",
                                    "variantTheme": null,
                                    "articleNumber": "21307212001",
                                    "uom": "EA",
                                    "sponsoredCreative": null,
                                    "isSponsored": false,
                                    "isComplementarySponsored": false,
                                    "complementarySponsoredBadgeText": null,
                                    "productBadge": null
                                },
                                {
                                    "index": 35,
                                    "productId": "20138228001_EA",
                                    "productImage": [
                                        {
                                            "imageUrl": "https://assets.shop.loblaws.ca/products/20138228001/b2/en/front/20138228001_front_a06_@2.png",
                                            "smallUrl": "https://assets.shop.loblaws.ca/products/20138228001/b1/en/front/20138228001_front_a01_@2.png",
                                            "mediumUrl": "https://assets.shop.loblaws.ca/products/20138228001/b3/en/front/20138228001_front_a06_@2.png",
                                            "largeUrl": "https://assets.shop.loblaws.ca/products/20138228001/b2/en/front/20138228001_front_a06_@2.png",
                                            "smallRetinaUrl": "https://assets.shop.loblaws.ca/products/20138228001/b1/en/front/20138228001_front_a01_@2.png",
                                            "mediumRetinaUrl": "https://assets.shop.loblaws.ca/products/20138228001/b3/en/front/20138228001_front_a06_@2.png",
                                            "largeRetinaUrl": "https://assets.shop.loblaws.ca/products/20138228001/b2/en/front/20138228001_front_a06_@2.png"
                                        }
                                    ],
                                    "brand": null,
                                    "title": "Blackberries 1 pint",
                                    "description": "Blackberries range in colour from dark purple to black, and generally the more intense the colour, the sweeter the taste. Blackberries are great in smoothies and salads and can easily be made into jam, or use yours for a blackberry apple pie and enjoy with ice cream.",
                                    "packageSizing": "340 g, $2.35/100g",
                                    "pricing": {
                                        "price": "7.99",
                                        "wasPrice": null,
                                        "displayPrice": "$7.99",
                                        "memberOnlyPrice": null,
                                        "mopDisplayPrice": null
                                    },
                                    "pricingUnits": {
                                        "type": "SOLD_BY_EACH",
                                        "unit": "ea",
                                        "interval": 1,
                                        "minOrderQuantity": 1,
                                        "maxOrderQuantity": 25,
                                        "weighted": false
                                    },
                                    "deal": null,
                                    "mopDeal": null,
                                    "pcoDeal": null,
                                    "inventoryIndicator": null,
                                    "offerType": "OG",
                                    "offerId": "OG",
                                    "action": null,
                                    "isVariant": false,
                                    "link": "/blackberries-1-pint/p/20138228001_EA",
                                    "productVendor": null,
                                    "productVariant": null,
                                    "textBadge": "",
                                    "variantTheme": null,
                                    "articleNumber": "20138228001",
                                    "uom": "EA",
                                    "sponsoredCreative": null,
                                    "isSponsored": false,
                                    "isComplementarySponsored": false,
                                    "complementarySponsoredBadgeText": null,
                                    "productBadge": null
                                },
                                {
                                    "index": 36,
                                    "productId": "21086003001_EA",
                                    "productImage": [
                                        {
                                            "imageUrl": "https://assets.shop.loblaws.ca/products/21086003001/b2/en/front/21086003001_front_a06_@2.png",
                                            "smallUrl": "https://assets.shop.loblaws.ca/products/21086003001/b1/en/front/21086003001_front_a01_@2.png",
                                            "mediumUrl": "https://assets.shop.loblaws.ca/products/21086003001/b3/en/front/21086003001_front_a06_@2.png",
                                            "largeUrl": "https://assets.shop.loblaws.ca/products/21086003001/b2/en/front/21086003001_front_a06_@2.png",
                                            "smallRetinaUrl": "https://assets.shop.loblaws.ca/products/21086003001/b1/en/front/21086003001_front_a01_@2.png",
                                            "mediumRetinaUrl": "https://assets.shop.loblaws.ca/products/21086003001/b3/en/front/21086003001_front_a06_@2.png",
                                            "largeRetinaUrl": "https://assets.shop.loblaws.ca/products/21086003001/b2/en/front/21086003001_front_a06_@2.png"
                                        }
                                    ],
                                    "brand": "No Name",
                                    "title": "Naturally Imperfect Avocados, 3 lb Bag",
                                    "description": "  NO NAME  NATURALLY IMPERFECT avocados may not be picture perfect, but they always  deliver the flavour you want - at exceptional value.",
                                    "packageSizing": "1.36 kg, $0.74/100g",
                                    "pricing": {
                                        "price": "10.00",
                                        "wasPrice": null,
                                        "displayPrice": "$10.00",
                                        "memberOnlyPrice": null,
                                        "mopDisplayPrice": null
                                    },
                                    "pricingUnits": {
                                        "type": "SOLD_BY_EACH",
                                        "unit": "ea",
                                        "interval": 1,
                                        "minOrderQuantity": 1,
                                        "maxOrderQuantity": 25,
                                        "weighted": false
                                    },
                                    "deal": null,
                                    "mopDeal": null,
                                    "pcoDeal": null,
                                    "inventoryIndicator": {
                                        "indicatorId": "OUT",
                                        "text": "Out of Stock"
                                    },
                                    "offerType": "OG",
                                    "offerId": "OG",
                                    "action": null,
                                    "isVariant": false,
                                    "link": "/naturally-imperfect-avocados-3-lb-bag/p/21086003001_EA",
                                    "productVendor": null,
                                    "productVariant": null,
                                    "textBadge": "out-of-stock",
                                    "variantTheme": null,
                                    "articleNumber": "21086003001",
                                    "uom": "EA",
                                    "sponsoredCreative": null,
                                    "isSponsored": false,
                                    "isComplementarySponsored": false,
                                    "complementarySponsoredBadgeText": null,
                                    "productBadge": null
                                },
                                {
                                    "index": 37,
                                    "productId": "20092614001_KG",
                                    "productImage": [
                                        {
                                            "imageUrl": "https://assets.shop.loblaws.ca/products/20092614001/b2/en/front/20092614001_front_a06_@2.png",
                                            "smallUrl": "https://assets.shop.loblaws.ca/products/20092614001/b1/en/front/20092614001_front_a01_@2.png",
                                            "mediumUrl": "https://assets.shop.loblaws.ca/products/20092614001/b3/en/front/20092614001_front_a06_@2.png",
                                            "largeUrl": "https://assets.shop.loblaws.ca/products/20092614001/b2/en/front/20092614001_front_a06_@2.png",
                                            "smallRetinaUrl": "https://assets.shop.loblaws.ca/products/20092614001/b1/en/front/20092614001_front_a01_@2.png",
                                            "mediumRetinaUrl": "https://assets.shop.loblaws.ca/products/20092614001/b3/en/front/20092614001_front_a06_@2.png",
                                            "largeRetinaUrl": "https://assets.shop.loblaws.ca/products/20092614001/b2/en/front/20092614001_front_a06_@2.png"
                                        }
                                    ],
                                    "brand": "President's Choice",
                                    "title": "Ambrosia Apples",
                                    "description": "Ambrosia apples are sweet and crisp with bright pink skin and a honeyed flavour. Because they resist browning and hold their shape well, Ambrosia apples are a good choice for fruit platters and for pies.",
                                    "packageSizing": "$4.39/1kg $1.99/1lb",
                                    "pricing": {
                                        "price": "0.97",
                                        "wasPrice": "$1.45",
                                        "displayPrice": "about $0.97",
                                        "memberOnlyPrice": null,
                                        "mopDisplayPrice": null
                                    },
                                    "pricingUnits": {
                                        "type": "SOLD_BY_EACH_PRICED_BY_WEIGHT",
                                        "unit": "ea",
                                        "interval": 1,
                                        "minOrderQuantity": 1,
                                        "maxOrderQuantity": 25,
                                        "weighted": false
                                    },
                                    "deal": {
                                        "type": "SALE",
                                        "text": "SAVE $0.48",
                                        "points": 0,
                                        "name": "SALE",
                                        "expiryDate": "2024-07-10T00:00:00Z",
                                        "dealPrice": null
                                    },
                                    "mopDeal": null,
                                    "pcoDeal": null,
                                    "inventoryIndicator": null,
                                    "offerType": "OG",
                                    "offerId": "OG",
                                    "action": null,
                                    "isVariant": false,
                                    "link": "/ambrosia-apples/p/20092614001_KG",
                                    "productVendor": null,
                                    "productVariant": null,
                                    "textBadge": "",
                                    "variantTheme": null,
                                    "articleNumber": "20092614001",
                                    "uom": "KG",
                                    "sponsoredCreative": null,
                                    "isSponsored": false,
                                    "isComplementarySponsored": false,
                                    "complementarySponsoredBadgeText": null,
                                    "productBadge": null
                                },
                                {
                                    "index": 38,
                                    "productId": "20145379001_EA",
                                    "productImage": [
                                        {
                                            "imageUrl": "https://assets.shop.loblaws.ca/products/20145379001/b2/en/front/20145379001_front_a06_@2.png",
                                            "smallUrl": "https://assets.shop.loblaws.ca/products/20145379001/b1/en/front/20145379001_front_a01_@2.png",
                                            "mediumUrl": "https://assets.shop.loblaws.ca/products/20145379001/b3/en/front/20145379001_front_a06_@2.png",
                                            "largeUrl": "https://assets.shop.loblaws.ca/products/20145379001/b2/en/front/20145379001_front_a06_@2.png",
                                            "smallRetinaUrl": "https://assets.shop.loblaws.ca/products/20145379001/b1/en/front/20145379001_front_a01_@2.png",
                                            "mediumRetinaUrl": "https://assets.shop.loblaws.ca/products/20145379001/b3/en/front/20145379001_front_a06_@2.png",
                                            "largeRetinaUrl": "https://assets.shop.loblaws.ca/products/20145379001/b2/en/front/20145379001_front_a06_@2.png"
                                        }
                                    ],
                                    "brand": null,
                                    "title": "Mini Seedless Watermelon",
                                    "description": "Average weight is 6 lb.<br>Mini watermelons range in size but are generally similar to a large cantaloupe. They are a sweet, refreshing snack due to their watery texture. Sliced watermelon tastes great on its own, or you can toss watermelon cubes with some feta cheese and fresh mint for a summer salad.",
                                    "packageSizing": "1 ea, $5.99/1ea",
                                    "pricing": {
                                        "price": "5.99",
                                        "wasPrice": null,
                                        "displayPrice": "$5.99",
                                        "memberOnlyPrice": null,
                                        "mopDisplayPrice": null
                                    },
                                    "pricingUnits": {
                                        "type": "SOLD_BY_EACH",
                                        "unit": "ea",
                                        "interval": 1,
                                        "minOrderQuantity": 1,
                                        "maxOrderQuantity": 25,
                                        "weighted": false
                                    },
                                    "deal": null,
                                    "mopDeal": null,
                                    "pcoDeal": null,
                                    "inventoryIndicator": null,
                                    "offerType": "OG",
                                    "offerId": "OG",
                                    "action": null,
                                    "isVariant": false,
                                    "link": "/mini-seedless-watermelon/p/20145379001_EA",
                                    "productVendor": null,
                                    "productVariant": null,
                                    "textBadge": "",
                                    "variantTheme": null,
                                    "articleNumber": "20145379001",
                                    "uom": "EA",
                                    "sponsoredCreative": null,
                                    "isSponsored": false,
                                    "isComplementarySponsored": false,
                                    "complementarySponsoredBadgeText": null,
                                    "productBadge": null
                                },
                                {
                                    "index": 39,
                                    "productId": "21165372001_EA",
                                    "productImage": [
                                        {
                                            "imageUrl": "https://assets.shop.loblaws.ca/products/21165372001/b2/en/front/21165372001_front_a06_@2.png",
                                            "smallUrl": "https://assets.shop.loblaws.ca/products/21165372001/b1/en/front/21165372001_front_a01_@2.png",
                                            "mediumUrl": "https://assets.shop.loblaws.ca/products/21165372001/b3/en/front/21165372001_front_a06_@2.png",
                                            "largeUrl": "https://assets.shop.loblaws.ca/products/21165372001/b2/en/front/21165372001_front_a06_@2.png",
                                            "smallRetinaUrl": "https://assets.shop.loblaws.ca/products/21165372001/b1/en/front/21165372001_front_a01_@2.png",
                                            "mediumRetinaUrl": "https://assets.shop.loblaws.ca/products/21165372001/b3/en/front/21165372001_front_a06_@2.png",
                                            "largeRetinaUrl": "https://assets.shop.loblaws.ca/products/21165372001/b2/en/front/21165372001_front_a06_@2.png"
                                        }
                                    ],
                                    "brand": null,
                                    "title": "Black Figs",
                                    "description": "\r\n  Figs are\r\n  small pear-shaped fruit that range in colour depending on their variety.\r\n  Their flesh is soft and full of tiny edible seeds. Fresh figs are sweet and\r\n  taste best at room temperature. Simply remove the stem and eat whole (the\r\n  skin is edible), or slice and add to salads, sandwiches, and tarts.\r\n",
                                    "packageSizing": "340 g, $2.35/100g",
                                    "pricing": {
                                        "price": "7.99",
                                        "wasPrice": null,
                                        "displayPrice": "$7.99",
                                        "memberOnlyPrice": null,
                                        "mopDisplayPrice": null
                                    },
                                    "pricingUnits": {
                                        "type": "SOLD_BY_EACH",
                                        "unit": "ea",
                                        "interval": 1,
                                        "minOrderQuantity": 1,
                                        "maxOrderQuantity": 25,
                                        "weighted": false
                                    },
                                    "deal": null,
                                    "mopDeal": null,
                                    "pcoDeal": null,
                                    "inventoryIndicator": {
                                        "indicatorId": "OUT",
                                        "text": "Out of Stock"
                                    },
                                    "offerType": "OG",
                                    "offerId": "OG",
                                    "action": null,
                                    "isVariant": false,
                                    "link": "/black-figs/p/21165372001_EA",
                                    "productVendor": null,
                                    "productVariant": null,
                                    "textBadge": "out-of-stock",
                                    "variantTheme": null,
                                    "articleNumber": "21165372001",
                                    "uom": "EA",
                                    "sponsoredCreative": null,
                                    "isSponsored": false,
                                    "isComplementarySponsored": false,
                                    "complementarySponsoredBadgeText": null,
                                    "productBadge": null
                                },
                                {
                                    "index": 40,
                                    "productId": "21566812001_EA",
                                    "productImage": [
                                        {
                                            "imageUrl": "https://assets.shop.loblaws.ca/products/21566812001/b2/en/front/21566812001_front_a06_@2.png",
                                            "smallUrl": "https://assets.shop.loblaws.ca/products/21566812001/b1/en/front/21566812001_front_a01_@2.png",
                                            "mediumUrl": "https://assets.shop.loblaws.ca/products/21566812001/b3/en/front/21566812001_front_a06_@2.png",
                                            "largeUrl": "https://assets.shop.loblaws.ca/products/21566812001/b2/en/front/21566812001_front_a06_@2.png",
                                            "smallRetinaUrl": "https://assets.shop.loblaws.ca/products/21566812001/b1/en/front/21566812001_front_a01_@2.png",
                                            "mediumRetinaUrl": "https://assets.shop.loblaws.ca/products/21566812001/b3/en/front/21566812001_front_a06_@2.png",
                                            "largeRetinaUrl": "https://assets.shop.loblaws.ca/products/21566812001/b2/en/front/21566812001_front_a06_@2.png"
                                        }
                                    ],
                                    "brand": null,
                                    "title": "Sweet & Sour Tamarind",
                                    "description": null,
                                    "packageSizing": "500 g, $1.20/100g",
                                    "pricing": {
                                        "price": "5.99",
                                        "wasPrice": null,
                                        "displayPrice": "$5.99",
                                        "memberOnlyPrice": null,
                                        "mopDisplayPrice": null
                                    },
                                    "pricingUnits": {
                                        "type": "SOLD_BY_EACH",
                                        "unit": "ea",
                                        "interval": 1,
                                        "minOrderQuantity": 1,
                                        "maxOrderQuantity": 25,
                                        "weighted": false
                                    },
                                    "deal": null,
                                    "mopDeal": null,
                                    "pcoDeal": null,
                                    "inventoryIndicator": {
                                        "indicatorId": "LOW",
                                        "text": "Low Stock"
                                    },
                                    "offerType": "OG",
                                    "offerId": "OG",
                                    "action": null,
                                    "isVariant": false,
                                    "link": "/sweet-sour-tamarind/p/21566812001_EA",
                                    "productVendor": null,
                                    "productVariant": null,
                                    "textBadge": "low-inventory",
                                    "variantTheme": null,
                                    "articleNumber": "21566812001",
                                    "uom": "EA",
                                    "sponsoredCreative": null,
                                    "isSponsored": false,
                                    "isComplementarySponsored": false,
                                    "complementarySponsoredBadgeText": null,
                                    "productBadge": null
                                },
                                {
                                    "index": 41,
                                    "productId": "21372028001_EA",
                                    "productImage": [
                                        {
                                            "imageUrl": "https://assets.shop.loblaws.ca/products/21372028001/b2/en/front/21372028001_front_a06_@2.png",
                                            "smallUrl": "https://assets.shop.loblaws.ca/products/21372028001/b1/en/front/21372028001_front_a01_@2.png",
                                            "mediumUrl": "https://assets.shop.loblaws.ca/products/21372028001/b3/en/front/21372028001_front_a06_@2.png",
                                            "largeUrl": "https://assets.shop.loblaws.ca/products/21372028001/b2/en/front/21372028001_front_a06_@2.png",
                                            "smallRetinaUrl": "https://assets.shop.loblaws.ca/products/21372028001/b1/en/front/21372028001_front_a01_@2.png",
                                            "mediumRetinaUrl": "https://assets.shop.loblaws.ca/products/21372028001/b3/en/front/21372028001_front_a06_@2.png",
                                            "largeRetinaUrl": "https://assets.shop.loblaws.ca/products/21372028001/b2/en/front/21372028001_front_a06_@2.png"
                                        }
                                    ],
                                    "brand": null,
                                    "title": "Pomelo 4 Colour Gift Box",
                                    "description": null,
                                    "packageSizing": "4.5 kg, $0.42/100g",
                                    "pricing": {
                                        "price": "18.88",
                                        "wasPrice": null,
                                        "displayPrice": "$18.88",
                                        "memberOnlyPrice": null,
                                        "mopDisplayPrice": null
                                    },
                                    "pricingUnits": {
                                        "type": "SOLD_BY_EACH",
                                        "unit": "ea",
                                        "interval": 1,
                                        "minOrderQuantity": 1,
                                        "maxOrderQuantity": 25,
                                        "weighted": false
                                    },
                                    "deal": null,
                                    "mopDeal": null,
                                    "pcoDeal": null,
                                    "inventoryIndicator": {
                                        "indicatorId": "OUT",
                                        "text": "Out of Stock"
                                    },
                                    "offerType": "OG",
                                    "offerId": "OG",
                                    "action": null,
                                    "isVariant": false,
                                    "link": "/pomelo-4-colour-gift-box/p/21372028001_EA",
                                    "productVendor": null,
                                    "productVariant": null,
                                    "textBadge": "out-of-stock",
                                    "variantTheme": null,
                                    "articleNumber": "21372028001",
                                    "uom": "EA",
                                    "sponsoredCreative": null,
                                    "isSponsored": false,
                                    "isComplementarySponsored": false,
                                    "complementarySponsoredBadgeText": null,
                                    "productBadge": null
                                },
                                {
                                    "index": 42,
                                    "productId": "21575914001_EA",
                                    "productImage": [
                                        {
                                            "imageUrl": "https://assets.shop.loblaws.ca/products/21575914001/b2/en/front/21575914001_front_a06_@2.png",
                                            "smallUrl": "https://assets.shop.loblaws.ca/products/21575914001/b1/en/front/21575914001_front_a01_@2.png",
                                            "mediumUrl": "https://assets.shop.loblaws.ca/products/21575914001/b3/en/front/21575914001_front_a06_@2.png",
                                            "largeUrl": "https://assets.shop.loblaws.ca/products/21575914001/b2/en/front/21575914001_front_a06_@2.png",
                                            "smallRetinaUrl": "https://assets.shop.loblaws.ca/products/21575914001/b1/en/front/21575914001_front_a01_@2.png",
                                            "mediumRetinaUrl": "https://assets.shop.loblaws.ca/products/21575914001/b3/en/front/21575914001_front_a06_@2.png",
                                            "largeRetinaUrl": "https://assets.shop.loblaws.ca/products/21575914001/b2/en/front/21575914001_front_a06_@2.png"
                                        }
                                    ],
                                    "brand": "President's Choice",
                                    "title": "Pink Guava",
                                    "description": "<p>If your pink guava is slightly soft when you gently squeeze it, it\u2019s ripe and ready to eat. Cut in half and scoop out the pink flesh with edible white seeds for a sweet, fruity flavour, with notes of papaya and ripe pear. Layer in a trifle, add to fruit salads, make into jam or give it a simple squeeze of lime juice and enjoy a taste of the tropics.</p>",
                                    "packageSizing": "1 ea, $7.00/1ea",
                                    "pricing": {
                                        "price": "7.00",
                                        "wasPrice": null,
                                        "displayPrice": "$7.00",
                                        "memberOnlyPrice": null,
                                        "mopDisplayPrice": null
                                    },
                                    "pricingUnits": {
                                        "type": "SOLD_BY_EACH",
                                        "unit": "ea",
                                        "interval": 1,
                                        "minOrderQuantity": 1,
                                        "maxOrderQuantity": 25,
                                        "weighted": false
                                    },
                                    "deal": null,
                                    "mopDeal": null,
                                    "pcoDeal": null,
                                    "inventoryIndicator": null,
                                    "offerType": "OG",
                                    "offerId": "OG",
                                    "action": null,
                                    "isVariant": false,
                                    "link": "/pink-guava/p/21575914001_EA",
                                    "productVendor": null,
                                    "productVariant": null,
                                    "textBadge": "",
                                    "variantTheme": null,
                                    "articleNumber": "21575914001",
                                    "uom": "EA",
                                    "sponsoredCreative": null,
                                    "isSponsored": false,
                                    "isComplementarySponsored": false,
                                    "complementarySponsoredBadgeText": null,
                                    "productBadge": {
                                        "badgeId": "NEW",
                                        "badgeClass": null,
                                        "text": "New"
                                    }
                                },
                                {
                                    "index": 43,
                                    "productId": "20965690001_EA",
                                    "productImage": [
                                        {
                                            "imageUrl": "https://assets.shop.loblaws.ca/products/20965690001/b2/en/front/20965690001_front_a06_@2.png",
                                            "smallUrl": "https://assets.shop.loblaws.ca/products/20965690001/b1/en/front/20965690001_front_a01_@2.png",
                                            "mediumUrl": "https://assets.shop.loblaws.ca/products/20965690001/b3/en/front/20965690001_front_a06_@2.png",
                                            "largeUrl": "https://assets.shop.loblaws.ca/products/20965690001/b2/en/front/20965690001_front_a06_@2.png",
                                            "smallRetinaUrl": "https://assets.shop.loblaws.ca/products/20965690001/b1/en/front/20965690001_front_a01_@2.png",
                                            "mediumRetinaUrl": "https://assets.shop.loblaws.ca/products/20965690001/b3/en/front/20965690001_front_a06_@2.png",
                                            "largeRetinaUrl": "https://assets.shop.loblaws.ca/products/20965690001/b2/en/front/20965690001_front_a06_@2.png"
                                        }
                                    ],
                                    "brand": null,
                                    "title": "Atemoya",
                                    "description": "\r\n  Atemoya\r\n  is a tropical fruit with an irregular shape and leathery, scaly green skin.\r\n  The creamy-white flesh tastes resembles a pina colada. Try cherimoya in\r\n  smoothies, milkshakes, and cocktails, or add slices to fruit salads and\r\n  salsas.\r\n",
                                    "packageSizing": "1 ea, $4.99/1ea",
                                    "pricing": {
                                        "price": "4.99",
                                        "wasPrice": null,
                                        "displayPrice": "$4.99",
                                        "memberOnlyPrice": null,
                                        "mopDisplayPrice": null
                                    },
                                    "pricingUnits": {
                                        "type": "SOLD_BY_EACH",
                                        "unit": "ea",
                                        "interval": 1,
                                        "minOrderQuantity": 1,
                                        "maxOrderQuantity": 25,
                                        "weighted": false
                                    },
                                    "deal": null,
                                    "mopDeal": null,
                                    "pcoDeal": null,
                                    "inventoryIndicator": null,
                                    "offerType": "OG",
                                    "offerId": "OG",
                                    "action": null,
                                    "isVariant": false,
                                    "link": "/atemoya/p/20965690001_EA",
                                    "productVendor": null,
                                    "productVariant": null,
                                    "textBadge": "",
                                    "variantTheme": null,
                                    "articleNumber": "20965690001",
                                    "uom": "EA",
                                    "sponsoredCreative": null,
                                    "isSponsored": false,
                                    "isComplementarySponsored": false,
                                    "complementarySponsoredBadgeText": null,
                                    "productBadge": null
                                },
                                {
                                    "index": 44,
                                    "productId": "21099138001_EA",
                                    "productImage": [
                                        {
                                            "imageUrl": "https://assets.shop.loblaws.ca/products/21099138001/b2/en/front/21099138001_front_a06_@2.png",
                                            "smallUrl": "https://assets.shop.loblaws.ca/products/21099138001/b1/en/front/21099138001_front_a01_@2.png",
                                            "mediumUrl": "https://assets.shop.loblaws.ca/products/21099138001/b3/en/front/21099138001_front_a06_@2.png",
                                            "largeUrl": "https://assets.shop.loblaws.ca/products/21099138001/b2/en/front/21099138001_front_a06_@2.png",
                                            "smallRetinaUrl": "https://assets.shop.loblaws.ca/products/21099138001/b1/en/front/21099138001_front_a01_@2.png",
                                            "mediumRetinaUrl": "https://assets.shop.loblaws.ca/products/21099138001/b3/en/front/21099138001_front_a06_@2.png",
                                            "largeRetinaUrl": "https://assets.shop.loblaws.ca/products/21099138001/b2/en/front/21099138001_front_a06_@2.png"
                                        }
                                    ],
                                    "brand": null,
                                    "title": "Fresh Kiwi Fruit",
                                    "description": "Kiwi, a small fruit with a fuzzy brown exterior and vibrant green flesh, offers a unique and refreshing taste experience. Its tangy and slightly sweet flavour is complemented by a pleasant texture that is both juicy and slightly crunchy. Kiwi can be a delightful addition to your fruit bowl, smoothies, or desserts. Its versatility allows you to get creative in the kitchen, whether you're using it as a topping for yogurt, incorporating it into salsa for a burst of freshness, or simply enjoying it on its own.",
                                    "packageSizing": "600 g, $0.67/100g",
                                    "pricing": {
                                        "price": "3.99",
                                        "wasPrice": null,
                                        "displayPrice": "$3.99",
                                        "memberOnlyPrice": null,
                                        "mopDisplayPrice": null
                                    },
                                    "pricingUnits": {
                                        "type": "SOLD_BY_EACH",
                                        "unit": "ea",
                                        "interval": 1,
                                        "minOrderQuantity": 1,
                                        "maxOrderQuantity": 25,
                                        "weighted": false
                                    },
                                    "deal": null,
                                    "mopDeal": null,
                                    "pcoDeal": null,
                                    "inventoryIndicator": {
                                        "indicatorId": "LOW",
                                        "text": "Low Stock"
                                    },
                                    "offerType": "OG",
                                    "offerId": "OG",
                                    "action": null,
                                    "isVariant": false,
                                    "link": "/fresh-kiwi-fruit/p/21099138001_EA",
                                    "productVendor": null,
                                    "productVariant": null,
                                    "textBadge": "low-inventory",
                                    "variantTheme": null,
                                    "articleNumber": "21099138001",
                                    "uom": "EA",
                                    "sponsoredCreative": null,
                                    "isSponsored": false,
                                    "isComplementarySponsored": false,
                                    "complementarySponsoredBadgeText": null,
                                    "productBadge": null
                                },
                                {
                                    "index": 45,
                                    "productId": "20708073001_EA",
                                    "productImage": [
                                        {
                                            "imageUrl": "https://assets.shop.loblaws.ca/products/20708073001/b2/en/front/20708073001_front_a06_@2.png",
                                            "smallUrl": "https://assets.shop.loblaws.ca/products/20708073001/b1/en/front/20708073001_front_a01_@2.png",
                                            "mediumUrl": "https://assets.shop.loblaws.ca/products/20708073001/b3/en/front/20708073001_front_a06_@2.png",
                                            "largeUrl": "https://assets.shop.loblaws.ca/products/20708073001/b2/en/front/20708073001_front_a06_@2.png",
                                            "smallRetinaUrl": "https://assets.shop.loblaws.ca/products/20708073001/b1/en/front/20708073001_front_a01_@2.png",
                                            "mediumRetinaUrl": "https://assets.shop.loblaws.ca/products/20708073001/b3/en/front/20708073001_front_a06_@2.png",
                                            "largeRetinaUrl": "https://assets.shop.loblaws.ca/products/20708073001/b2/en/front/20708073001_front_a06_@2.png"
                                        }
                                    ],
                                    "brand": null,
                                    "title": "Sugar Cane",
                                    "description": "Sugar cane stalks are often cut into thin sticks and served with cocktails or used as skewers when grilling shrimp and scallops.",
                                    "packageSizing": "1 ea, $2.99/1ea",
                                    "pricing": {
                                        "price": "2.99",
                                        "wasPrice": null,
                                        "displayPrice": "$2.99",
                                        "memberOnlyPrice": null,
                                        "mopDisplayPrice": null
                                    },
                                    "pricingUnits": {
                                        "type": "SOLD_BY_EACH",
                                        "unit": "ea",
                                        "interval": 1,
                                        "minOrderQuantity": 1,
                                        "maxOrderQuantity": 25,
                                        "weighted": false
                                    },
                                    "deal": null,
                                    "mopDeal": null,
                                    "pcoDeal": null,
                                    "inventoryIndicator": {
                                        "indicatorId": "OUT",
                                        "text": "Out of Stock"
                                    },
                                    "offerType": "OG",
                                    "offerId": "OG",
                                    "action": null,
                                    "isVariant": false,
                                    "link": "/sugar-cane/p/20708073001_EA",
                                    "productVendor": null,
                                    "productVariant": null,
                                    "textBadge": "out-of-stock",
                                    "variantTheme": null,
                                    "articleNumber": "20708073001",
                                    "uom": "EA",
                                    "sponsoredCreative": null,
                                    "isSponsored": false,
                                    "isComplementarySponsored": false,
                                    "complementarySponsoredBadgeText": null,
                                    "productBadge": null
                                },
                                {
                                    "index": 46,
                                    "productId": "21050490001_EA",
                                    "productImage": [
                                        {
                                            "imageUrl": "https://assets.shop.loblaws.ca/products/21050490001/b2/en/front/21050490001_front_a06_@2.png",
                                            "smallUrl": "https://assets.shop.loblaws.ca/products/21050490001/b1/en/front/21050490001_front_a01_@2.png",
                                            "mediumUrl": "https://assets.shop.loblaws.ca/products/21050490001/b3/en/front/21050490001_front_a06_@2.png",
                                            "largeUrl": "https://assets.shop.loblaws.ca/products/21050490001/b2/en/front/21050490001_front_a06_@2.png",
                                            "smallRetinaUrl": "https://assets.shop.loblaws.ca/products/21050490001/b1/en/front/21050490001_front_a01_@2.png",
                                            "mediumRetinaUrl": "https://assets.shop.loblaws.ca/products/21050490001/b3/en/front/21050490001_front_a06_@2.png",
                                            "largeRetinaUrl": "https://assets.shop.loblaws.ca/products/21050490001/b2/en/front/21050490001_front_a06_@2.png"
                                        }
                                    ],
                                    "brand": "PC Organics",
                                    "title": "Nectarine",
                                    "description": null,
                                    "packageSizing": "907 g, $1.10/100g",
                                    "pricing": {
                                        "price": "9.99",
                                        "wasPrice": null,
                                        "displayPrice": "$9.99",
                                        "memberOnlyPrice": null,
                                        "mopDisplayPrice": null
                                    },
                                    "pricingUnits": {
                                        "type": "SOLD_BY_EACH",
                                        "unit": "ea",
                                        "interval": 1,
                                        "minOrderQuantity": 1,
                                        "maxOrderQuantity": 25,
                                        "weighted": false
                                    },
                                    "deal": null,
                                    "mopDeal": null,
                                    "pcoDeal": null,
                                    "inventoryIndicator": null,
                                    "offerType": "OG",
                                    "offerId": "OG",
                                    "action": null,
                                    "isVariant": false,
                                    "link": "/nectarine/p/21050490001_EA",
                                    "productVendor": null,
                                    "productVariant": null,
                                    "textBadge": "",
                                    "variantTheme": null,
                                    "articleNumber": "21050490001",
                                    "uom": "EA",
                                    "sponsoredCreative": null,
                                    "isSponsored": false,
                                    "isComplementarySponsored": false,
                                    "complementarySponsoredBadgeText": null,
                                    "productBadge": null
                                },
                                {
                                    "index": 47,
                                    "productId": "20128645001_EA",
                                    "productImage": [
                                        {
                                            "imageUrl": "https://assets.shop.loblaws.ca/products/20128645001/b2/en/front/20128645001_front_a06_@2.png",
                                            "smallUrl": "https://assets.shop.loblaws.ca/products/20128645001/b1/en/front/20128645001_front_a01_@2.png",
                                            "mediumUrl": "https://assets.shop.loblaws.ca/products/20128645001/b3/en/front/20128645001_front_a06_@2.png",
                                            "largeUrl": "https://assets.shop.loblaws.ca/products/20128645001/b2/en/front/20128645001_front_a06_@2.png",
                                            "smallRetinaUrl": "https://assets.shop.loblaws.ca/products/20128645001/b1/en/front/20128645001_front_a01_@2.png",
                                            "mediumRetinaUrl": "https://assets.shop.loblaws.ca/products/20128645001/b3/en/front/20128645001_front_a06_@2.png",
                                            "largeRetinaUrl": "https://assets.shop.loblaws.ca/products/20128645001/b2/en/front/20128645001_front_a06_@2.png"
                                        }
                                    ],
                                    "brand": "Farmer's Market",
                                    "title": "Granny Smith Apples, 4 lb Bag",
                                    "description": "Granny Smith apples are bright green and crisp with a tart flavour that is often recommended for pies. Take a Granny Smith apple with you for a snack on the go or add thin slices of apple and crisp bacon to your next grilled cheese sandwich.",
                                    "packageSizing": "1.81 kg, $0.55/100g",
                                    "pricing": {
                                        "price": "9.99",
                                        "wasPrice": null,
                                        "displayPrice": "$9.99",
                                        "memberOnlyPrice": null,
                                        "mopDisplayPrice": null
                                    },
                                    "pricingUnits": {
                                        "type": "SOLD_BY_EACH",
                                        "unit": "ea",
                                        "interval": 1,
                                        "minOrderQuantity": 1,
                                        "maxOrderQuantity": 25,
                                        "weighted": false
                                    },
                                    "deal": null,
                                    "mopDeal": null,
                                    "pcoDeal": null,
                                    "inventoryIndicator": null,
                                    "offerType": "OG",
                                    "offerId": "OG",
                                    "action": null,
                                    "isVariant": false,
                                    "link": "/granny-smith-apples-4-lb-bag/p/20128645001_EA",
                                    "productVendor": null,
                                    "productVariant": null,
                                    "textBadge": "",
                                    "variantTheme": null,
                                    "articleNumber": "20128645001",
                                    "uom": "EA",
                                    "sponsoredCreative": null,
                                    "isSponsored": false,
                                    "isComplementarySponsored": false,
                                    "complementarySponsoredBadgeText": null,
                                    "productBadge": null
                                },
                                {
                                    "index": 48,
                                    "productId": "20056190001_EA",
                                    "productImage": [
                                        {
                                            "imageUrl": "https://assets.shop.loblaws.ca/products/20056190001/b2/en/front/20056190001_front_a06_@2.png",
                                            "smallUrl": "https://assets.shop.loblaws.ca/products/20056190001/b1/en/front/20056190001_front_a01_@2.png",
                                            "mediumUrl": "https://assets.shop.loblaws.ca/products/20056190001/b3/en/front/20056190001_front_a06_@2.png",
                                            "largeUrl": "https://assets.shop.loblaws.ca/products/20056190001/b2/en/front/20056190001_front_a06_@2.png",
                                            "smallRetinaUrl": "https://assets.shop.loblaws.ca/products/20056190001/b1/en/front/20056190001_front_a01_@2.png",
                                            "mediumRetinaUrl": "https://assets.shop.loblaws.ca/products/20056190001/b3/en/front/20056190001_front_a06_@2.png",
                                            "largeRetinaUrl": "https://assets.shop.loblaws.ca/products/20056190001/b2/en/front/20056190001_front_a06_@2.png"
                                        }
                                    ],
                                    "brand": null,
                                    "title": "Organic Raspberries 1/2 pint",
                                    "description": "Raspberries are delicate fruit with bright red drupelets that connect to each other around a hollow central core. Their flavour is sweet but can also be tart if they aren\u2019t quite ripe. Add them to your morning cereal, smoothie, or yogurt, or indulge with raspberries topped with cream and chocolate shavings.",
                                    "packageSizing": "170 g, $4.11/100g",
                                    "pricing": {
                                        "price": "6.99",
                                        "wasPrice": null,
                                        "displayPrice": "$6.99",
                                        "memberOnlyPrice": null,
                                        "mopDisplayPrice": null
                                    },
                                    "pricingUnits": {
                                        "type": "SOLD_BY_EACH",
                                        "unit": "ea",
                                        "interval": 1,
                                        "minOrderQuantity": 1,
                                        "maxOrderQuantity": 25,
                                        "weighted": false
                                    },
                                    "deal": null,
                                    "mopDeal": null,
                                    "pcoDeal": null,
                                    "inventoryIndicator": null,
                                    "offerType": "OG",
                                    "offerId": "OG",
                                    "action": null,
                                    "isVariant": false,
                                    "link": "/organic-raspberries-1-2-pint/p/20056190001_EA",
                                    "productVendor": null,
                                    "productVariant": null,
                                    "textBadge": "",
                                    "variantTheme": null,
                                    "articleNumber": "20056190001",
                                    "uom": "EA",
                                    "sponsoredCreative": null,
                                    "isSponsored": false,
                                    "isComplementarySponsored": false,
                                    "complementarySponsoredBadgeText": null,
                                    "productBadge": null
                                }
                            ],
                            "analytics": null
                        }
                    },
                    {
                        "componentId": "productCarouselComponent",
                        "contentId": "2stceKe1P6BiifWYiHtgXK",
                        "variantId": null,
                        "id": "2stceKe1P6BiifWYiHtgXK-28196",
                        "data": {
                            "headline": "Packaged Salad & Dressing",
                            "isSponsored": null,
                            "callToAction": {
                                "text": "Shop all",
                                "url": "/food/fruits-vegetables/packaged-salad-dressing/c/28196"
                            },
                            "headerGroup": null,
                            "productTiles": [
                                {
                                    "index": 1,
                                    "productId": "21204248_EA",
                                    "productImage": [
                                        {
                                            "imageUrl": "https://assets.shop.loblaws.ca/products/21204248/b2/en/front/21204248_front_a06_@2.png",
                                            "smallUrl": "https://assets.shop.loblaws.ca/products/21204248/b1/en/front/21204248_front_a01_@2.png",
                                            "mediumUrl": "https://assets.shop.loblaws.ca/products/21204248/b3/en/front/21204248_front_a06_@2.png",
                                            "largeUrl": "https://assets.shop.loblaws.ca/products/21204248/b2/en/front/21204248_front_a06_@2.png",
                                            "smallRetinaUrl": "https://assets.shop.loblaws.ca/products/21204248/b1/en/front/21204248_front_a01_@2.png",
                                            "mediumRetinaUrl": "https://assets.shop.loblaws.ca/products/21204248/b3/en/front/21204248_front_a06_@2.png",
                                            "largeRetinaUrl": "https://assets.shop.loblaws.ca/products/21204248/b2/en/front/21204248_front_a06_@2.png"
                                        }
                                    ],
                                    "brand": "President's Choice",
                                    "title": "Coleslaw",
                                    "description": null,
                                    "packageSizing": "397 g, $1.01/100g",
                                    "pricing": {
                                        "price": "3.99",
                                        "wasPrice": null,
                                        "displayPrice": "$3.99",
                                        "memberOnlyPrice": null,
                                        "mopDisplayPrice": null
                                    },
                                    "pricingUnits": {
                                        "type": "SOLD_BY_EACH",
                                        "unit": "ea",
                                        "interval": 1,
                                        "minOrderQuantity": 1,
                                        "maxOrderQuantity": 25,
                                        "weighted": false
                                    },
                                    "deal": null,
                                    "mopDeal": null,
                                    "pcoDeal": null,
                                    "inventoryIndicator": null,
                                    "offerType": "OG",
                                    "offerId": "OG",
                                    "action": null,
                                    "isVariant": false,
                                    "link": "/coleslaw/p/21204248_EA",
                                    "productVendor": null,
                                    "productVariant": null,
                                    "textBadge": "",
                                    "variantTheme": null,
                                    "articleNumber": "21204248",
                                    "uom": "EA",
                                    "sponsoredCreative": null,
                                    "isSponsored": false,
                                    "isComplementarySponsored": false,
                                    "complementarySponsoredBadgeText": null,
                                    "productBadge": null
                                },
                                {
                                    "index": 2,
                                    "productId": "21203746_EA",
                                    "productImage": [
                                        {
                                            "imageUrl": "https://assets.shop.loblaws.ca/products/21203746/b2/en/front/21203746_front_a06_@2.png",
                                            "smallUrl": "https://assets.shop.loblaws.ca/products/21203746/b1/en/front/21203746_front_a01_@2.png",
                                            "mediumUrl": "https://assets.shop.loblaws.ca/products/21203746/b3/en/front/21203746_front_a06_@2.png",
                                            "largeUrl": "https://assets.shop.loblaws.ca/products/21203746/b2/en/front/21203746_front_a06_@2.png",
                                            "smallRetinaUrl": "https://assets.shop.loblaws.ca/products/21203746/b1/en/front/21203746_front_a01_@2.png",
                                            "mediumRetinaUrl": "https://assets.shop.loblaws.ca/products/21203746/b3/en/front/21203746_front_a06_@2.png",
                                            "largeRetinaUrl": "https://assets.shop.loblaws.ca/products/21203746/b2/en/front/21203746_front_a06_@2.png"
                                        },
                                        {
                                            "imageUrl": "https://assets.shop.loblaws.ca/products/21203746/b2/en/angle/21203746_angle_a06_@2.png",
                                            "smallUrl": "https://assets.shop.loblaws.ca/products/21203746/b1/en/angle/21203746_angle_a01_@2.png",
                                            "mediumUrl": "https://assets.shop.loblaws.ca/products/21203746/b3/en/angle/21203746_angle_a06_@2.png",
                                            "largeUrl": "https://assets.shop.loblaws.ca/products/21203746/b2/en/angle/21203746_angle_a06_@2.png",
                                            "smallRetinaUrl": "https://assets.shop.loblaws.ca/products/21203746/b1/en/angle/21203746_angle_a01_@2.png",
                                            "mediumRetinaUrl": "https://assets.shop.loblaws.ca/products/21203746/b3/en/angle/21203746_angle_a06_@2.png",
                                            "largeRetinaUrl": "https://assets.shop.loblaws.ca/products/21203746/b2/en/angle/21203746_angle_a06_@2.png"
                                        },
                                        {
                                            "imageUrl": "https://assets.shop.loblaws.ca/products/21203746/b2/en/side/21203746_side_a06_@2.png",
                                            "smallUrl": "https://assets.shop.loblaws.ca/products/21203746/b1/en/side/21203746_side_a01_@2.png",
                                            "mediumUrl": "https://assets.shop.loblaws.ca/products/21203746/b3/en/side/21203746_side_a06_@2.png",
                                            "largeUrl": "https://assets.shop.loblaws.ca/products/21203746/b2/en/side/21203746_side_a06_@2.png",
                                            "smallRetinaUrl": "https://assets.shop.loblaws.ca/products/21203746/b1/en/side/21203746_side_a01_@2.png",
                                            "mediumRetinaUrl": "https://assets.shop.loblaws.ca/products/21203746/b3/en/side/21203746_side_a06_@2.png",
                                            "largeRetinaUrl": "https://assets.shop.loblaws.ca/products/21203746/b2/en/side/21203746_side_a06_@2.png"
                                        }
                                    ],
                                    "brand": "President's Choice",
                                    "title": "Baby Spinach",
                                    "description": null,
                                    "packageSizing": "0.142 kg, $2.82/100g",
                                    "pricing": {
                                        "price": "4.00",
                                        "wasPrice": null,
                                        "displayPrice": "$4.00",
                                        "memberOnlyPrice": null,
                                        "mopDisplayPrice": null
                                    },
                                    "pricingUnits": {
                                        "type": "SOLD_BY_EACH",
                                        "unit": "ea",
                                        "interval": 1,
                                        "minOrderQuantity": 1,
                                        "maxOrderQuantity": 25,
                                        "weighted": false
                                    },
                                    "deal": null,
                                    "mopDeal": null,
                                    "pcoDeal": null,
                                    "inventoryIndicator": null,
                                    "offerType": "OG",
                                    "offerId": "OG",
                                    "action": null,
                                    "isVariant": false,
                                    "link": "/baby-spinach/p/21203746_EA",
                                    "productVendor": null,
                                    "productVariant": null,
                                    "textBadge": "",
                                    "variantTheme": null,
                                    "articleNumber": "21203746",
                                    "uom": "EA",
                                    "sponsoredCreative": null,
                                    "isSponsored": false,
                                    "isComplementarySponsored": false,
                                    "complementarySponsoredBadgeText": null,
                                    "productBadge": null
                                },
                                {
                                    "index": 3,
                                    "productId": "21204386_EA",
                                    "productImage": [
                                        {
                                            "imageUrl": "https://assets.shop.loblaws.ca/products/21204386/b2/en/front/21204386_front_a06_@2.png",
                                            "smallUrl": "https://assets.shop.loblaws.ca/products/21204386/b1/en/front/21204386_front_a01_@2.png",
                                            "mediumUrl": "https://assets.shop.loblaws.ca/products/21204386/b3/en/front/21204386_front_a06_@2.png",
                                            "largeUrl": "https://assets.shop.loblaws.ca/products/21204386/b2/en/front/21204386_front_a06_@2.png",
                                            "smallRetinaUrl": "https://assets.shop.loblaws.ca/products/21204386/b1/en/front/21204386_front_a01_@2.png",
                                            "mediumRetinaUrl": "https://assets.shop.loblaws.ca/products/21204386/b3/en/front/21204386_front_a06_@2.png",
                                            "largeRetinaUrl": "https://assets.shop.loblaws.ca/products/21204386/b2/en/front/21204386_front_a06_@2.png"
                                        },
                                        {
                                            "imageUrl": "https://assets.shop.loblaws.ca/products/21204386/b2/en/angle/21204386_angle_a06_@2.png",
                                            "smallUrl": "https://assets.shop.loblaws.ca/products/21204386/b1/en/angle/21204386_angle_a01_@2.png",
                                            "mediumUrl": "https://assets.shop.loblaws.ca/products/21204386/b3/en/angle/21204386_angle_a06_@2.png",
                                            "largeUrl": "https://assets.shop.loblaws.ca/products/21204386/b2/en/angle/21204386_angle_a06_@2.png",
                                            "smallRetinaUrl": "https://assets.shop.loblaws.ca/products/21204386/b1/en/angle/21204386_angle_a01_@2.png",
                                            "mediumRetinaUrl": "https://assets.shop.loblaws.ca/products/21204386/b3/en/angle/21204386_angle_a06_@2.png",
                                            "largeRetinaUrl": "https://assets.shop.loblaws.ca/products/21204386/b2/en/angle/21204386_angle_a06_@2.png"
                                        },
                                        {
                                            "imageUrl": "https://assets.shop.loblaws.ca/products/21204386/b2/en/side/21204386_side_a06_@2.png",
                                            "smallUrl": "https://assets.shop.loblaws.ca/products/21204386/b1/en/side/21204386_side_a01_@2.png",
                                            "mediumUrl": "https://assets.shop.loblaws.ca/products/21204386/b3/en/side/21204386_side_a06_@2.png",
                                            "largeUrl": "https://assets.shop.loblaws.ca/products/21204386/b2/en/side/21204386_side_a06_@2.png",
                                            "smallRetinaUrl": "https://assets.shop.loblaws.ca/products/21204386/b1/en/side/21204386_side_a01_@2.png",
                                            "mediumRetinaUrl": "https://assets.shop.loblaws.ca/products/21204386/b3/en/side/21204386_side_a06_@2.png",
                                            "largeRetinaUrl": "https://assets.shop.loblaws.ca/products/21204386/b2/en/side/21204386_side_a06_@2.png"
                                        }
                                    ],
                                    "brand": "President's Choice",
                                    "title": "Baby Spinach",
                                    "description": null,
                                    "packageSizing": "0.312 kg, $1.92/100g",
                                    "pricing": {
                                        "price": "6.00",
                                        "wasPrice": null,
                                        "displayPrice": "$6.00",
                                        "memberOnlyPrice": null,
                                        "mopDisplayPrice": null
                                    },
                                    "pricingUnits": {
                                        "type": "SOLD_BY_EACH",
                                        "unit": "ea",
                                        "interval": 1,
                                        "minOrderQuantity": 1,
                                        "maxOrderQuantity": 25,
                                        "weighted": false
                                    },
                                    "deal": null,
                                    "mopDeal": null,
                                    "pcoDeal": null,
                                    "inventoryIndicator": null,
                                    "offerType": "OG",
                                    "offerId": "OG",
                                    "action": null,
                                    "isVariant": false,
                                    "link": "/baby-spinach/p/21204386_EA",
                                    "productVendor": null,
                                    "productVariant": null,
                                    "textBadge": "",
                                    "variantTheme": null,
                                    "articleNumber": "21204386",
                                    "uom": "EA",
                                    "sponsoredCreative": null,
                                    "isSponsored": false,
                                    "isComplementarySponsored": false,
                                    "complementarySponsoredBadgeText": null,
                                    "productBadge": null
                                },
                                {
                                    "index": 4,
                                    "productId": "20305277_EA",
                                    "productImage": [
                                        {
                                            "imageUrl": "https://assets.shop.loblaws.ca/products/20305277/b2/en/front/20305277_front_a06_@2.png",
                                            "smallUrl": "https://assets.shop.loblaws.ca/products/20305277/b1/en/front/20305277_front_a01_@2.png",
                                            "mediumUrl": "https://assets.shop.loblaws.ca/products/20305277/b3/en/front/20305277_front_a06_@2.png",
                                            "largeUrl": "https://assets.shop.loblaws.ca/products/20305277/b2/en/front/20305277_front_a06_@2.png",
                                            "smallRetinaUrl": "https://assets.shop.loblaws.ca/products/20305277/b1/en/front/20305277_front_a01_@2.png",
                                            "mediumRetinaUrl": "https://assets.shop.loblaws.ca/products/20305277/b3/en/front/20305277_front_a06_@2.png",
                                            "largeRetinaUrl": "https://assets.shop.loblaws.ca/products/20305277/b2/en/front/20305277_front_a06_@2.png"
                                        },
                                        {
                                            "imageUrl": "https://assets.shop.loblaws.ca/products/20305277/b2/en/angle/20305277_angle_a06_@2.png",
                                            "smallUrl": "https://assets.shop.loblaws.ca/products/20305277/b1/en/angle/20305277_angle_a01_@2.png",
                                            "mediumUrl": "https://assets.shop.loblaws.ca/products/20305277/b3/en/angle/20305277_angle_a06_@2.png",
                                            "largeUrl": "https://assets.shop.loblaws.ca/products/20305277/b2/en/angle/20305277_angle_a06_@2.png",
                                            "smallRetinaUrl": "https://assets.shop.loblaws.ca/products/20305277/b1/en/angle/20305277_angle_a01_@2.png",
                                            "mediumRetinaUrl": "https://assets.shop.loblaws.ca/products/20305277/b3/en/angle/20305277_angle_a06_@2.png",
                                            "largeRetinaUrl": "https://assets.shop.loblaws.ca/products/20305277/b2/en/angle/20305277_angle_a06_@2.png"
                                        },
                                        {
                                            "imageUrl": "https://assets.shop.loblaws.ca/products/20305277/b2/en/side/20305277_side_a06_@2.png",
                                            "smallUrl": "https://assets.shop.loblaws.ca/products/20305277/b1/en/side/20305277_side_a01_@2.png",
                                            "mediumUrl": "https://assets.shop.loblaws.ca/products/20305277/b3/en/side/20305277_side_a06_@2.png",
                                            "largeUrl": "https://assets.shop.loblaws.ca/products/20305277/b2/en/side/20305277_side_a06_@2.png",
                                            "smallRetinaUrl": "https://assets.shop.loblaws.ca/products/20305277/b1/en/side/20305277_side_a01_@2.png",
                                            "mediumRetinaUrl": "https://assets.shop.loblaws.ca/products/20305277/b3/en/side/20305277_side_a06_@2.png",
                                            "largeRetinaUrl": "https://assets.shop.loblaws.ca/products/20305277/b2/en/side/20305277_side_a06_@2.png"
                                        }
                                    ],
                                    "brand": "PC Organics",
                                    "title": "Organics Baby Spinach",
                                    "description": "<p>Organics Baby Spinach is already trimmed and washed for your convenience. Enjoy this spinach in smoothies, sandwiches, salads, or fry it up with your eggs, or in any stir fry.</p>",
                                    "packageSizing": "142 g, $3.52/100g",
                                    "pricing": {
                                        "price": "5.00",
                                        "wasPrice": null,
                                        "displayPrice": "$5.00",
                                        "memberOnlyPrice": null,
                                        "mopDisplayPrice": null
                                    },
                                    "pricingUnits": {
                                        "type": "SOLD_BY_EACH",
                                        "unit": "ea",
                                        "interval": 1,
                                        "minOrderQuantity": 1,
                                        "maxOrderQuantity": 25,
                                        "weighted": false
                                    },
                                    "deal": null,
                                    "mopDeal": null,
                                    "pcoDeal": null,
                                    "inventoryIndicator": null,
                                    "offerType": "OG",
                                    "offerId": "OG",
                                    "action": null,
                                    "isVariant": false,
                                    "link": "/organics-baby-spinach/p/20305277_EA",
                                    "productVendor": null,
                                    "productVariant": null,
                                    "textBadge": "",
                                    "variantTheme": null,
                                    "articleNumber": "20305277",
                                    "uom": "EA",
                                    "sponsoredCreative": null,
                                    "isSponsored": false,
                                    "isComplementarySponsored": false,
                                    "complementarySponsoredBadgeText": null,
                                    "productBadge": null
                                },
                                {
                                    "index": 5,
                                    "productId": "21335159_EA",
                                    "productImage": [
                                        {
                                            "imageUrl": "https://assets.shop.loblaws.ca/products/21335159/b2/en/front/21335159_front_a06_@2.png",
                                            "smallUrl": "https://assets.shop.loblaws.ca/products/21335159/b1/en/front/21335159_front_a01_@2.png",
                                            "mediumUrl": "https://assets.shop.loblaws.ca/products/21335159/b3/en/front/21335159_front_a06_@2.png",
                                            "largeUrl": "https://assets.shop.loblaws.ca/products/21335159/b2/en/front/21335159_front_a06_@2.png",
                                            "smallRetinaUrl": "https://assets.shop.loblaws.ca/products/21335159/b1/en/front/21335159_front_a01_@2.png",
                                            "mediumRetinaUrl": "https://assets.shop.loblaws.ca/products/21335159/b3/en/front/21335159_front_a06_@2.png",
                                            "largeRetinaUrl": "https://assets.shop.loblaws.ca/products/21335159/b2/en/front/21335159_front_a06_@2.png"
                                        },
                                        {
                                            "imageUrl": "https://assets.shop.loblaws.ca/products/21335159/b2/en/angle/21335159_angle_a06_@2.png",
                                            "smallUrl": "https://assets.shop.loblaws.ca/products/21335159/b1/en/angle/21335159_angle_a01_@2.png",
                                            "mediumUrl": "https://assets.shop.loblaws.ca/products/21335159/b3/en/angle/21335159_angle_a06_@2.png",
                                            "largeUrl": "https://assets.shop.loblaws.ca/products/21335159/b2/en/angle/21335159_angle_a06_@2.png",
                                            "smallRetinaUrl": "https://assets.shop.loblaws.ca/products/21335159/b1/en/angle/21335159_angle_a01_@2.png",
                                            "mediumRetinaUrl": "https://assets.shop.loblaws.ca/products/21335159/b3/en/angle/21335159_angle_a06_@2.png",
                                            "largeRetinaUrl": "https://assets.shop.loblaws.ca/products/21335159/b2/en/angle/21335159_angle_a06_@2.png"
                                        },
                                        {
                                            "imageUrl": "https://assets.shop.loblaws.ca/products/21335159/b2/en/side/21335159_side_a06_@2.png",
                                            "smallUrl": "https://assets.shop.loblaws.ca/products/21335159/b1/en/side/21335159_side_a01_@2.png",
                                            "mediumUrl": "https://assets.shop.loblaws.ca/products/21335159/b3/en/side/21335159_side_a06_@2.png",
                                            "largeUrl": "https://assets.shop.loblaws.ca/products/21335159/b2/en/side/21335159_side_a06_@2.png",
                                            "smallRetinaUrl": "https://assets.shop.loblaws.ca/products/21335159/b1/en/side/21335159_side_a01_@2.png",
                                            "mediumRetinaUrl": "https://assets.shop.loblaws.ca/products/21335159/b3/en/side/21335159_side_a06_@2.png",
                                            "largeRetinaUrl": "https://assets.shop.loblaws.ca/products/21335159/b2/en/side/21335159_side_a06_@2.png"
                                        },
                                        {
                                            "imageUrl": "https://assets.shop.loblaws.ca/products/21335159/b2/en/back/21335159_back_a06_@2.png",
                                            "smallUrl": "https://assets.shop.loblaws.ca/products/21335159/b1/en/back/21335159_back_a01_@2.png",
                                            "mediumUrl": "https://assets.shop.loblaws.ca/products/21335159/b3/en/back/21335159_back_a06_@2.png",
                                            "largeUrl": "https://assets.shop.loblaws.ca/products/21335159/b2/en/back/21335159_back_a06_@2.png",
                                            "smallRetinaUrl": "https://assets.shop.loblaws.ca/products/21335159/b1/en/back/21335159_back_a01_@2.png",
                                            "mediumRetinaUrl": "https://assets.shop.loblaws.ca/products/21335159/b3/en/back/21335159_back_a06_@2.png",
                                            "largeRetinaUrl": "https://assets.shop.loblaws.ca/products/21335159/b2/en/back/21335159_back_a06_@2.png"
                                        },
                                        {
                                            "imageUrl": "https://assets.shop.loblaws.ca/products/21335159/b2/en/top/21335159_top_a06_@2.png",
                                            "smallUrl": "https://assets.shop.loblaws.ca/products/21335159/b1/en/top/21335159_top_a01_@2.png",
                                            "mediumUrl": "https://assets.shop.loblaws.ca/products/21335159/b3/en/top/21335159_top_a06_@2.png",
                                            "largeUrl": "https://assets.shop.loblaws.ca/products/21335159/b2/en/top/21335159_top_a06_@2.png",
                                            "smallRetinaUrl": "https://assets.shop.loblaws.ca/products/21335159/b1/en/top/21335159_top_a01_@2.png",
                                            "mediumRetinaUrl": "https://assets.shop.loblaws.ca/products/21335159/b3/en/top/21335159_top_a06_@2.png",
                                            "largeRetinaUrl": "https://assets.shop.loblaws.ca/products/21335159/b2/en/top/21335159_top_a06_@2.png"
                                        },
                                        {
                                            "imageUrl": "https://assets.shop.loblaws.ca/products/21335159/b2/en/open/21335159_open_a06_@2.png",
                                            "smallUrl": "https://assets.shop.loblaws.ca/products/21335159/b1/en/open/21335159_open_a01_@2.png",
                                            "mediumUrl": "https://assets.shop.loblaws.ca/products/21335159/b3/en/open/21335159_open_a06_@2.png",
                                            "largeUrl": "https://assets.shop.loblaws.ca/products/21335159/b2/en/open/21335159_open_a06_@2.png",
                                            "smallRetinaUrl": "https://assets.shop.loblaws.ca/products/21335159/b1/en/open/21335159_open_a01_@2.png",
                                            "mediumRetinaUrl": "https://assets.shop.loblaws.ca/products/21335159/b3/en/open/21335159_open_a06_@2.png",
                                            "largeRetinaUrl": "https://assets.shop.loblaws.ca/products/21335159/b2/en/open/21335159_open_a06_@2.png"
                                        }
                                    ],
                                    "brand": "Taylor Farms",
                                    "title": "Dill Pickle Chopped Salad Kit",
                                    "description": "Deliciously light green leaf lettuce with shredded cauliflower, kale, cabbage and crisp CRINKLE CUT radishes for layers of CRUNCH. Tossed in TANGY DILL PICKLE RANCH\u2014packed with REAL chopped pickles\u2014and dill pickle seasoned brioche crouton crumbles, this salad will make your taste buds RELISH. For the perfect FLAVOR-PACKED meal, serve alongside slow-smoked BBQ ribs or with crowd pleasers like deviled eggs and baked beans.Washed and ready to enjoyReady in less than 3 minutesComplete salad kit including unique toppings & dressingIncludes Dill Pickle flavored croutons",
                                    "packageSizing": "341 g, $2.10/100g",
                                    "pricing": {
                                        "price": "6.99",
                                        "wasPrice": null,
                                        "displayPrice": "$6.99",
                                        "memberOnlyPrice": null,
                                        "mopDisplayPrice": null
                                    },
                                    "pricingUnits": {
                                        "type": "SOLD_BY_EACH",
                                        "unit": "ea",
                                        "interval": 1,
                                        "minOrderQuantity": 1,
                                        "maxOrderQuantity": 25,
                                        "weighted": false
                                    },
                                    "deal": null,
                                    "mopDeal": null,
                                    "pcoDeal": null,
                                    "inventoryIndicator": null,
                                    "offerType": "OG",
                                    "offerId": "OG",
                                    "action": null,
                                    "isVariant": false,
                                    "link": "/dill-pickle-chopped-salad-kit/p/21335159_EA",
                                    "productVendor": null,
                                    "productVariant": null,
                                    "textBadge": "",
                                    "variantTheme": null,
                                    "articleNumber": "21335159",
                                    "uom": "EA",
                                    "sponsoredCreative": null,
                                    "isSponsored": false,
                                    "isComplementarySponsored": false,
                                    "complementarySponsoredBadgeText": null,
                                    "productBadge": null
                                },
                                {
                                    "index": 6,
                                    "productId": "21203743_EA",
                                    "productImage": [
                                        {
                                            "imageUrl": "https://assets.shop.loblaws.ca/products/21203743/b2/en/front/21203743_front_a06_@2.png",
                                            "smallUrl": "https://assets.shop.loblaws.ca/products/21203743/b1/en/front/21203743_front_a01_@2.png",
                                            "mediumUrl": "https://assets.shop.loblaws.ca/products/21203743/b3/en/front/21203743_front_a06_@2.png",
                                            "largeUrl": "https://assets.shop.loblaws.ca/products/21203743/b2/en/front/21203743_front_a06_@2.png",
                                            "smallRetinaUrl": "https://assets.shop.loblaws.ca/products/21203743/b1/en/front/21203743_front_a01_@2.png",
                                            "mediumRetinaUrl": "https://assets.shop.loblaws.ca/products/21203743/b3/en/front/21203743_front_a06_@2.png",
                                            "largeRetinaUrl": "https://assets.shop.loblaws.ca/products/21203743/b2/en/front/21203743_front_a06_@2.png"
                                        },
                                        {
                                            "imageUrl": "https://assets.shop.loblaws.ca/products/21203743/b2/en/angle/21203743_angle_a06_@2.png",
                                            "smallUrl": "https://assets.shop.loblaws.ca/products/21203743/b1/en/angle/21203743_angle_a01_@2.png",
                                            "mediumUrl": "https://assets.shop.loblaws.ca/products/21203743/b3/en/angle/21203743_angle_a06_@2.png",
                                            "largeUrl": "https://assets.shop.loblaws.ca/products/21203743/b2/en/angle/21203743_angle_a06_@2.png",
                                            "smallRetinaUrl": "https://assets.shop.loblaws.ca/products/21203743/b1/en/angle/21203743_angle_a01_@2.png",
                                            "mediumRetinaUrl": "https://assets.shop.loblaws.ca/products/21203743/b3/en/angle/21203743_angle_a06_@2.png",
                                            "largeRetinaUrl": "https://assets.shop.loblaws.ca/products/21203743/b2/en/angle/21203743_angle_a06_@2.png"
                                        },
                                        {
                                            "imageUrl": "https://assets.shop.loblaws.ca/products/21203743/b2/en/side/21203743_side_a06_@2.png",
                                            "smallUrl": "https://assets.shop.loblaws.ca/products/21203743/b1/en/side/21203743_side_a01_@2.png",
                                            "mediumUrl": "https://assets.shop.loblaws.ca/products/21203743/b3/en/side/21203743_side_a06_@2.png",
                                            "largeUrl": "https://assets.shop.loblaws.ca/products/21203743/b2/en/side/21203743_side_a06_@2.png",
                                            "smallRetinaUrl": "https://assets.shop.loblaws.ca/products/21203743/b1/en/side/21203743_side_a01_@2.png",
                                            "mediumRetinaUrl": "https://assets.shop.loblaws.ca/products/21203743/b3/en/side/21203743_side_a06_@2.png",
                                            "largeRetinaUrl": "https://assets.shop.loblaws.ca/products/21203743/b2/en/side/21203743_side_a06_@2.png"
                                        }
                                    ],
                                    "brand": "President's Choice",
                                    "title": "Arugula",
                                    "description": null,
                                    "packageSizing": "0.142 kg, $2.82/100g",
                                    "pricing": {
                                        "price": "4.00",
                                        "wasPrice": null,
                                        "displayPrice": "$4.00",
                                        "memberOnlyPrice": null,
                                        "mopDisplayPrice": null
                                    },
                                    "pricingUnits": {
                                        "type": "SOLD_BY_EACH",
                                        "unit": "ea",
                                        "interval": 1,
                                        "minOrderQuantity": 1,
                                        "maxOrderQuantity": 25,
                                        "weighted": false
                                    },
                                    "deal": null,
                                    "mopDeal": null,
                                    "pcoDeal": null,
                                    "inventoryIndicator": null,
                                    "offerType": "OG",
                                    "offerId": "OG",
                                    "action": null,
                                    "isVariant": false,
                                    "link": "/arugula/p/21203743_EA",
                                    "productVendor": null,
                                    "productVariant": null,
                                    "textBadge": "",
                                    "variantTheme": null,
                                    "articleNumber": "21203743",
                                    "uom": "EA",
                                    "sponsoredCreative": null,
                                    "isSponsored": false,
                                    "isComplementarySponsored": false,
                                    "complementarySponsoredBadgeText": null,
                                    "productBadge": null
                                },
                                {
                                    "index": 7,
                                    "productId": "21203748_EA",
                                    "productImage": [
                                        {
                                            "imageUrl": "https://assets.shop.loblaws.ca/products/21203748/b2/en/front/21203748_front_a06_@2.png",
                                            "smallUrl": "https://assets.shop.loblaws.ca/products/21203748/b1/en/front/21203748_front_a01_@2.png",
                                            "mediumUrl": "https://assets.shop.loblaws.ca/products/21203748/b3/en/front/21203748_front_a06_@2.png",
                                            "largeUrl": "https://assets.shop.loblaws.ca/products/21203748/b2/en/front/21203748_front_a06_@2.png",
                                            "smallRetinaUrl": "https://assets.shop.loblaws.ca/products/21203748/b1/en/front/21203748_front_a01_@2.png",
                                            "mediumRetinaUrl": "https://assets.shop.loblaws.ca/products/21203748/b3/en/front/21203748_front_a06_@2.png",
                                            "largeRetinaUrl": "https://assets.shop.loblaws.ca/products/21203748/b2/en/front/21203748_front_a06_@2.png"
                                        },
                                        {
                                            "imageUrl": "https://assets.shop.loblaws.ca/products/21203748/b2/en/angle/21203748_angle_a06_@2.png",
                                            "smallUrl": "https://assets.shop.loblaws.ca/products/21203748/b1/en/angle/21203748_angle_a01_@2.png",
                                            "mediumUrl": "https://assets.shop.loblaws.ca/products/21203748/b3/en/angle/21203748_angle_a06_@2.png",
                                            "largeUrl": "https://assets.shop.loblaws.ca/products/21203748/b2/en/angle/21203748_angle_a06_@2.png",
                                            "smallRetinaUrl": "https://assets.shop.loblaws.ca/products/21203748/b1/en/angle/21203748_angle_a01_@2.png",
                                            "mediumRetinaUrl": "https://assets.shop.loblaws.ca/products/21203748/b3/en/angle/21203748_angle_a06_@2.png",
                                            "largeRetinaUrl": "https://assets.shop.loblaws.ca/products/21203748/b2/en/angle/21203748_angle_a06_@2.png"
                                        },
                                        {
                                            "imageUrl": "https://assets.shop.loblaws.ca/products/21203748/b2/en/side/21203748_side_a06_@2.png",
                                            "smallUrl": "https://assets.shop.loblaws.ca/products/21203748/b1/en/side/21203748_side_a01_@2.png",
                                            "mediumUrl": "https://assets.shop.loblaws.ca/products/21203748/b3/en/side/21203748_side_a06_@2.png",
                                            "largeUrl": "https://assets.shop.loblaws.ca/products/21203748/b2/en/side/21203748_side_a06_@2.png",
                                            "smallRetinaUrl": "https://assets.shop.loblaws.ca/products/21203748/b1/en/side/21203748_side_a01_@2.png",
                                            "mediumRetinaUrl": "https://assets.shop.loblaws.ca/products/21203748/b3/en/side/21203748_side_a06_@2.png",
                                            "largeRetinaUrl": "https://assets.shop.loblaws.ca/products/21203748/b2/en/side/21203748_side_a06_@2.png"
                                        }
                                    ],
                                    "brand": "President's Choice",
                                    "title": "Spring Mix",
                                    "description": null,
                                    "packageSizing": "0.142 kg, $2.82/100g",
                                    "pricing": {
                                        "price": "4.00",
                                        "wasPrice": null,
                                        "displayPrice": "$4.00",
                                        "memberOnlyPrice": null,
                                        "mopDisplayPrice": null
                                    },
                                    "pricingUnits": {
                                        "type": "SOLD_BY_EACH",
                                        "unit": "ea",
                                        "interval": 1,
                                        "minOrderQuantity": 1,
                                        "maxOrderQuantity": 25,
                                        "weighted": false
                                    },
                                    "deal": null,
                                    "mopDeal": null,
                                    "pcoDeal": null,
                                    "inventoryIndicator": null,
                                    "offerType": "OG",
                                    "offerId": "OG",
                                    "action": null,
                                    "isVariant": false,
                                    "link": "/spring-mix/p/21203748_EA",
                                    "productVendor": null,
                                    "productVariant": null,
                                    "textBadge": "",
                                    "variantTheme": null,
                                    "articleNumber": "21203748",
                                    "uom": "EA",
                                    "sponsoredCreative": null,
                                    "isSponsored": false,
                                    "isComplementarySponsored": false,
                                    "complementarySponsoredBadgeText": null,
                                    "productBadge": null
                                },
                                {
                                    "index": 8,
                                    "productId": "20156570_EA",
                                    "productImage": [
                                        {
                                            "imageUrl": "https://assets.shop.loblaws.ca/products/20156570/b2/en/front/20156570_front_a06_@2.png",
                                            "smallUrl": "https://assets.shop.loblaws.ca/products/20156570/b1/en/front/20156570_front_a01_@2.png",
                                            "mediumUrl": "https://assets.shop.loblaws.ca/products/20156570/b3/en/front/20156570_front_a06_@2.png",
                                            "largeUrl": "https://assets.shop.loblaws.ca/products/20156570/b2/en/front/20156570_front_a06_@2.png",
                                            "smallRetinaUrl": "https://assets.shop.loblaws.ca/products/20156570/b1/en/front/20156570_front_a01_@2.png",
                                            "mediumRetinaUrl": "https://assets.shop.loblaws.ca/products/20156570/b3/en/front/20156570_front_a06_@2.png",
                                            "largeRetinaUrl": "https://assets.shop.loblaws.ca/products/20156570/b2/en/front/20156570_front_a06_@2.png"
                                        }
                                    ],
                                    "brand": null,
                                    "title": "Cello Spinach",
                                    "description": "Spinach has dark green leaves that are either flat and smooth or curly and crinkled. Both have crisp, fragrant leaves and a slightly bitter flavour. Spinach can be very gritty and must be rinsed thoroughly. Use raw in salad, combine with feta for spanakopita, or saut\u00e9 in olive oil and garlic for a simple side dish.",
                                    "packageSizing": "283.5 g, $1.23/100g",
                                    "pricing": {
                                        "price": "3.49",
                                        "wasPrice": null,
                                        "displayPrice": "$3.49",
                                        "memberOnlyPrice": null,
                                        "mopDisplayPrice": null
                                    },
                                    "pricingUnits": {
                                        "type": "SOLD_BY_EACH",
                                        "unit": "ea",
                                        "interval": 1,
                                        "minOrderQuantity": 1,
                                        "maxOrderQuantity": 25,
                                        "weighted": false
                                    },
                                    "deal": null,
                                    "mopDeal": null,
                                    "pcoDeal": null,
                                    "inventoryIndicator": null,
                                    "offerType": "OG",
                                    "offerId": "OG",
                                    "action": null,
                                    "isVariant": false,
                                    "link": "/cello-spinach/p/20156570_EA",
                                    "productVendor": null,
                                    "productVariant": null,
                                    "textBadge": "",
                                    "variantTheme": null,
                                    "articleNumber": "20156570",
                                    "uom": "EA",
                                    "sponsoredCreative": null,
                                    "isSponsored": false,
                                    "isComplementarySponsored": false,
                                    "complementarySponsoredBadgeText": null,
                                    "productBadge": null
                                },
                                {
                                    "index": 9,
                                    "productId": "21204385_EA",
                                    "productImage": [
                                        {
                                            "imageUrl": "https://assets.shop.loblaws.ca/products/21204385/b2/en/front/21204385_front_a06_@2.png",
                                            "smallUrl": "https://assets.shop.loblaws.ca/products/21204385/b1/en/front/21204385_front_a01_@2.png",
                                            "mediumUrl": "https://assets.shop.loblaws.ca/products/21204385/b3/en/front/21204385_front_a06_@2.png",
                                            "largeUrl": "https://assets.shop.loblaws.ca/products/21204385/b2/en/front/21204385_front_a06_@2.png",
                                            "smallRetinaUrl": "https://assets.shop.loblaws.ca/products/21204385/b1/en/front/21204385_front_a01_@2.png",
                                            "mediumRetinaUrl": "https://assets.shop.loblaws.ca/products/21204385/b3/en/front/21204385_front_a06_@2.png",
                                            "largeRetinaUrl": "https://assets.shop.loblaws.ca/products/21204385/b2/en/front/21204385_front_a06_@2.png"
                                        },
                                        {
                                            "imageUrl": "https://assets.shop.loblaws.ca/products/21204385/b2/en/angle/21204385_angle_a06_@2.png",
                                            "smallUrl": "https://assets.shop.loblaws.ca/products/21204385/b1/en/angle/21204385_angle_a01_@2.png",
                                            "mediumUrl": "https://assets.shop.loblaws.ca/products/21204385/b3/en/angle/21204385_angle_a06_@2.png",
                                            "largeUrl": "https://assets.shop.loblaws.ca/products/21204385/b2/en/angle/21204385_angle_a06_@2.png",
                                            "smallRetinaUrl": "https://assets.shop.loblaws.ca/products/21204385/b1/en/angle/21204385_angle_a01_@2.png",
                                            "mediumRetinaUrl": "https://assets.shop.loblaws.ca/products/21204385/b3/en/angle/21204385_angle_a06_@2.png",
                                            "largeRetinaUrl": "https://assets.shop.loblaws.ca/products/21204385/b2/en/angle/21204385_angle_a06_@2.png"
                                        },
                                        {
                                            "imageUrl": "https://assets.shop.loblaws.ca/products/21204385/b2/en/side/21204385_side_a06_@2.png",
                                            "smallUrl": "https://assets.shop.loblaws.ca/products/21204385/b1/en/side/21204385_side_a01_@2.png",
                                            "mediumUrl": "https://assets.shop.loblaws.ca/products/21204385/b3/en/side/21204385_side_a06_@2.png",
                                            "largeUrl": "https://assets.shop.loblaws.ca/products/21204385/b2/en/side/21204385_side_a06_@2.png",
                                            "smallRetinaUrl": "https://assets.shop.loblaws.ca/products/21204385/b1/en/side/21204385_side_a01_@2.png",
                                            "mediumRetinaUrl": "https://assets.shop.loblaws.ca/products/21204385/b3/en/side/21204385_side_a06_@2.png",
                                            "largeRetinaUrl": "https://assets.shop.loblaws.ca/products/21204385/b2/en/side/21204385_side_a06_@2.png"
                                        }
                                    ],
                                    "brand": "President's Choice",
                                    "title": "Spring Mix",
                                    "description": null,
                                    "packageSizing": "0.312 kg, $1.92/100g",
                                    "pricing": {
                                        "price": "6.00",
                                        "wasPrice": null,
                                        "displayPrice": "$6.00",
                                        "memberOnlyPrice": null,
                                        "mopDisplayPrice": null
                                    },
                                    "pricingUnits": {
                                        "type": "SOLD_BY_EACH",
                                        "unit": "ea",
                                        "interval": 1,
                                        "minOrderQuantity": 1,
                                        "maxOrderQuantity": 25,
                                        "weighted": false
                                    },
                                    "deal": null,
                                    "mopDeal": null,
                                    "pcoDeal": null,
                                    "inventoryIndicator": null,
                                    "offerType": "OG",
                                    "offerId": "OG",
                                    "action": null,
                                    "isVariant": false,
                                    "link": "/spring-mix/p/21204385_EA",
                                    "productVendor": null,
                                    "productVariant": null,
                                    "textBadge": "",
                                    "variantTheme": null,
                                    "articleNumber": "21204385",
                                    "uom": "EA",
                                    "sponsoredCreative": null,
                                    "isSponsored": false,
                                    "isComplementarySponsored": false,
                                    "complementarySponsoredBadgeText": null,
                                    "productBadge": null
                                },
                                {
                                    "index": 10,
                                    "productId": "20127207_EA",
                                    "productImage": [
                                        {
                                            "imageUrl": "https://assets.shop.loblaws.ca/products/20127207/b2/en/front/20127207_front_a06_@2.png",
                                            "smallUrl": "https://assets.shop.loblaws.ca/products/20127207/b1/en/front/20127207_front_a01_@2.png",
                                            "mediumUrl": "https://assets.shop.loblaws.ca/products/20127207/b3/en/front/20127207_front_a06_@2.png",
                                            "largeUrl": "https://assets.shop.loblaws.ca/products/20127207/b2/en/front/20127207_front_a06_@2.png",
                                            "smallRetinaUrl": "https://assets.shop.loblaws.ca/products/20127207/b1/en/front/20127207_front_a01_@2.png",
                                            "mediumRetinaUrl": "https://assets.shop.loblaws.ca/products/20127207/b3/en/front/20127207_front_a06_@2.png",
                                            "largeRetinaUrl": "https://assets.shop.loblaws.ca/products/20127207/b2/en/front/20127207_front_a06_@2.png"
                                        },
                                        {
                                            "imageUrl": "https://assets.shop.loblaws.ca/products/20127207/b2/en/angle/20127207_angle_a06_@2.png",
                                            "smallUrl": "https://assets.shop.loblaws.ca/products/20127207/b1/en/angle/20127207_angle_a01_@2.png",
                                            "mediumUrl": "https://assets.shop.loblaws.ca/products/20127207/b3/en/angle/20127207_angle_a06_@2.png",
                                            "largeUrl": "https://assets.shop.loblaws.ca/products/20127207/b2/en/angle/20127207_angle_a06_@2.png",
                                            "smallRetinaUrl": "https://assets.shop.loblaws.ca/products/20127207/b1/en/angle/20127207_angle_a01_@2.png",
                                            "mediumRetinaUrl": "https://assets.shop.loblaws.ca/products/20127207/b3/en/angle/20127207_angle_a06_@2.png",
                                            "largeRetinaUrl": "https://assets.shop.loblaws.ca/products/20127207/b2/en/angle/20127207_angle_a06_@2.png"
                                        },
                                        {
                                            "imageUrl": "https://assets.shop.loblaws.ca/products/20127207/b2/en/side/20127207_side_a06_@2.png",
                                            "smallUrl": "https://assets.shop.loblaws.ca/products/20127207/b1/en/side/20127207_side_a01_@2.png",
                                            "mediumUrl": "https://assets.shop.loblaws.ca/products/20127207/b3/en/side/20127207_side_a06_@2.png",
                                            "largeUrl": "https://assets.shop.loblaws.ca/products/20127207/b2/en/side/20127207_side_a06_@2.png",
                                            "smallRetinaUrl": "https://assets.shop.loblaws.ca/products/20127207/b1/en/side/20127207_side_a01_@2.png",
                                            "mediumRetinaUrl": "https://assets.shop.loblaws.ca/products/20127207/b3/en/side/20127207_side_a06_@2.png",
                                            "largeRetinaUrl": "https://assets.shop.loblaws.ca/products/20127207/b2/en/side/20127207_side_a06_@2.png"
                                        }
                                    ],
                                    "brand": "PC Organics",
                                    "title": "Organics Baby Spinach",
                                    "description": "<p>Organically grown and thoroughly washed Organics Baby Spinach is a convenient option when you're short on time and want to whip up a salad. This ready-to-eat spinach is also great in crepes, smoothies, and omelets.</p> ",
                                    "packageSizing": "312 g, $2.24/100g",
                                    "pricing": {
                                        "price": "7.00",
                                        "wasPrice": null,
                                        "displayPrice": "$7.00",
                                        "memberOnlyPrice": null,
                                        "mopDisplayPrice": null
                                    },
                                    "pricingUnits": {
                                        "type": "SOLD_BY_EACH",
                                        "unit": "ea",
                                        "interval": 1,
                                        "minOrderQuantity": 1,
                                        "maxOrderQuantity": 25,
                                        "weighted": false
                                    },
                                    "deal": null,
                                    "mopDeal": null,
                                    "pcoDeal": null,
                                    "inventoryIndicator": null,
                                    "offerType": "OG",
                                    "offerId": "OG",
                                    "action": null,
                                    "isVariant": false,
                                    "link": "/organics-baby-spinach/p/20127207_EA",
                                    "productVendor": null,
                                    "productVariant": null,
                                    "textBadge": "",
                                    "variantTheme": null,
                                    "articleNumber": "20127207",
                                    "uom": "EA",
                                    "sponsoredCreative": null,
                                    "isSponsored": false,
                                    "isComplementarySponsored": false,
                                    "complementarySponsoredBadgeText": null,
                                    "productBadge": null
                                },
                                {
                                    "index": 11,
                                    "productId": "21334801_EA",
                                    "productImage": [
                                        {
                                            "imageUrl": "https://assets.shop.loblaws.ca/products/21334801/b2/en/front/21334801_front_a06_@2.png",
                                            "smallUrl": "https://assets.shop.loblaws.ca/products/21334801/b1/en/front/21334801_front_a01_@2.png",
                                            "mediumUrl": "https://assets.shop.loblaws.ca/products/21334801/b3/en/front/21334801_front_a06_@2.png",
                                            "largeUrl": "https://assets.shop.loblaws.ca/products/21334801/b2/en/front/21334801_front_a06_@2.png",
                                            "smallRetinaUrl": "https://assets.shop.loblaws.ca/products/21334801/b1/en/front/21334801_front_a01_@2.png",
                                            "mediumRetinaUrl": "https://assets.shop.loblaws.ca/products/21334801/b3/en/front/21334801_front_a06_@2.png",
                                            "largeRetinaUrl": "https://assets.shop.loblaws.ca/products/21334801/b2/en/front/21334801_front_a06_@2.png"
                                        }
                                    ],
                                    "brand": "President's Choice",
                                    "title": "Caesar Salad Kit",
                                    "description": null,
                                    "packageSizing": "282 g, $2.12/100g",
                                    "pricing": {
                                        "price": "5.99",
                                        "wasPrice": null,
                                        "displayPrice": "$5.99",
                                        "memberOnlyPrice": null,
                                        "mopDisplayPrice": null
                                    },
                                    "pricingUnits": {
                                        "type": "SOLD_BY_EACH",
                                        "unit": "ea",
                                        "interval": 1,
                                        "minOrderQuantity": 1,
                                        "maxOrderQuantity": 25,
                                        "weighted": false
                                    },
                                    "deal": null,
                                    "mopDeal": null,
                                    "pcoDeal": null,
                                    "inventoryIndicator": null,
                                    "offerType": "OG",
                                    "offerId": "OG",
                                    "action": null,
                                    "isVariant": false,
                                    "link": "/caesar-salad-kit/p/21334801_EA",
                                    "productVendor": null,
                                    "productVariant": null,
                                    "textBadge": "",
                                    "variantTheme": null,
                                    "articleNumber": "21334801",
                                    "uom": "EA",
                                    "sponsoredCreative": null,
                                    "isSponsored": false,
                                    "isComplementarySponsored": false,
                                    "complementarySponsoredBadgeText": null,
                                    "productBadge": null
                                },
                                {
                                    "index": 12,
                                    "productId": "20959677_EA",
                                    "productImage": [
                                        {
                                            "imageUrl": "https://assets.shop.loblaws.ca/products/20959677/b2/en/front/20959677_front_a06_@2.png",
                                            "smallUrl": "https://assets.shop.loblaws.ca/products/20959677/b1/en/front/20959677_front_a01_@2.png",
                                            "mediumUrl": "https://assets.shop.loblaws.ca/products/20959677/b3/en/front/20959677_front_a06_@2.png",
                                            "largeUrl": "https://assets.shop.loblaws.ca/products/20959677/b2/en/front/20959677_front_a06_@2.png",
                                            "smallRetinaUrl": "https://assets.shop.loblaws.ca/products/20959677/b1/en/front/20959677_front_a01_@2.png",
                                            "mediumRetinaUrl": "https://assets.shop.loblaws.ca/products/20959677/b3/en/front/20959677_front_a06_@2.png",
                                            "largeRetinaUrl": "https://assets.shop.loblaws.ca/products/20959677/b2/en/front/20959677_front_a06_@2.png"
                                        }
                                    ],
                                    "brand": null,
                                    "title": "Cooking Spinach",
                                    "description": "As versatile as it is delicious, this fresh spinach can be added to wraps, stir-fries soups and smoothies. Use it to create an easy salad along with apple slices, walnuts, your favourite cheese and a zesty vinaigrette. An excellent source of vitamins A, K and folate.",
                                    "packageSizing": "227 g, $1.76/100g",
                                    "pricing": {
                                        "price": "3.99",
                                        "wasPrice": null,
                                        "displayPrice": "$3.99",
                                        "memberOnlyPrice": null,
                                        "mopDisplayPrice": null
                                    },
                                    "pricingUnits": {
                                        "type": "SOLD_BY_EACH",
                                        "unit": "ea",
                                        "interval": 1,
                                        "minOrderQuantity": 1,
                                        "maxOrderQuantity": 25,
                                        "weighted": false
                                    },
                                    "deal": null,
                                    "mopDeal": null,
                                    "pcoDeal": null,
                                    "inventoryIndicator": null,
                                    "offerType": "OG",
                                    "offerId": "OG",
                                    "action": null,
                                    "isVariant": false,
                                    "link": "/cooking-spinach/p/20959677_EA",
                                    "productVendor": null,
                                    "productVariant": null,
                                    "textBadge": "",
                                    "variantTheme": null,
                                    "articleNumber": "20959677",
                                    "uom": "EA",
                                    "sponsoredCreative": null,
                                    "isSponsored": false,
                                    "isComplementarySponsored": false,
                                    "complementarySponsoredBadgeText": null,
                                    "productBadge": null
                                },
                                {
                                    "index": 13,
                                    "productId": "20314039_EA",
                                    "productImage": [
                                        {
                                            "imageUrl": "https://assets.shop.loblaws.ca/products/20314039/b2/en/front/20314039_front_a06_@2.png",
                                            "smallUrl": "https://assets.shop.loblaws.ca/products/20314039/b1/en/front/20314039_front_a01_@2.png",
                                            "mediumUrl": "https://assets.shop.loblaws.ca/products/20314039/b3/en/front/20314039_front_a06_@2.png",
                                            "largeUrl": "https://assets.shop.loblaws.ca/products/20314039/b2/en/front/20314039_front_a06_@2.png",
                                            "smallRetinaUrl": "https://assets.shop.loblaws.ca/products/20314039/b1/en/front/20314039_front_a01_@2.png",
                                            "mediumRetinaUrl": "https://assets.shop.loblaws.ca/products/20314039/b3/en/front/20314039_front_a06_@2.png",
                                            "largeRetinaUrl": "https://assets.shop.loblaws.ca/products/20314039/b2/en/front/20314039_front_a06_@2.png"
                                        },
                                        {
                                            "imageUrl": "https://assets.shop.loblaws.ca/products/20314039/b2/en/angle/20314039_angle_a06_@2.png",
                                            "smallUrl": "https://assets.shop.loblaws.ca/products/20314039/b1/en/angle/20314039_angle_a01_@2.png",
                                            "mediumUrl": "https://assets.shop.loblaws.ca/products/20314039/b3/en/angle/20314039_angle_a06_@2.png",
                                            "largeUrl": "https://assets.shop.loblaws.ca/products/20314039/b2/en/angle/20314039_angle_a06_@2.png",
                                            "smallRetinaUrl": "https://assets.shop.loblaws.ca/products/20314039/b1/en/angle/20314039_angle_a01_@2.png",
                                            "mediumRetinaUrl": "https://assets.shop.loblaws.ca/products/20314039/b3/en/angle/20314039_angle_a06_@2.png",
                                            "largeRetinaUrl": "https://assets.shop.loblaws.ca/products/20314039/b2/en/angle/20314039_angle_a06_@2.png"
                                        },
                                        {
                                            "imageUrl": "https://assets.shop.loblaws.ca/products/20314039/b2/en/side/20314039_side_a06_@2.png",
                                            "smallUrl": "https://assets.shop.loblaws.ca/products/20314039/b1/en/side/20314039_side_a01_@2.png",
                                            "mediumUrl": "https://assets.shop.loblaws.ca/products/20314039/b3/en/side/20314039_side_a06_@2.png",
                                            "largeUrl": "https://assets.shop.loblaws.ca/products/20314039/b2/en/side/20314039_side_a06_@2.png",
                                            "smallRetinaUrl": "https://assets.shop.loblaws.ca/products/20314039/b1/en/side/20314039_side_a01_@2.png",
                                            "mediumRetinaUrl": "https://assets.shop.loblaws.ca/products/20314039/b3/en/side/20314039_side_a06_@2.png",
                                            "largeRetinaUrl": "https://assets.shop.loblaws.ca/products/20314039/b2/en/side/20314039_side_a06_@2.png"
                                        }
                                    ],
                                    "brand": "PC Organics",
                                    "title": "Baby Arugula",
                                    "description": "We know a lot about greens, and our organically grown, trimmed and washed baby arugula\u00a0is our top pick \u2013 for great\u00a0flavour, for convenience and for all-round versatility. Its\u00a0subtle peppery-sweet\u00a0taste\u00a0lends itself to\u00a0loads of\u00a0options. What we would do: use\u00a0some\u00a0to make quick work of salads \u2013 as the star of the show or in more of a supporting role with mixed lettuces.\u00a0Stuff\u00a0fresh, tender leaves\u00a0in burgers and sandwiches. Scatter\u00a0by the handful\u00a0on pizzas\u00a0and\u00a0pastas. Cook in frittatas\u00a0to let delicate\u00a0flavours\u00a0sing.\u00a0What you should do: all of the above.\u00a0",
                                    "packageSizing": "142 g, $3.52/100g",
                                    "pricing": {
                                        "price": "5.00",
                                        "wasPrice": null,
                                        "displayPrice": "$5.00",
                                        "memberOnlyPrice": null,
                                        "mopDisplayPrice": null
                                    },
                                    "pricingUnits": {
                                        "type": "SOLD_BY_EACH",
                                        "unit": "ea",
                                        "interval": 1,
                                        "minOrderQuantity": 1,
                                        "maxOrderQuantity": 25,
                                        "weighted": false
                                    },
                                    "deal": null,
                                    "mopDeal": null,
                                    "pcoDeal": null,
                                    "inventoryIndicator": null,
                                    "offerType": "OG",
                                    "offerId": "OG",
                                    "action": null,
                                    "isVariant": false,
                                    "link": "/baby-arugula/p/20314039_EA",
                                    "productVendor": null,
                                    "productVariant": null,
                                    "textBadge": "",
                                    "variantTheme": null,
                                    "articleNumber": "20314039",
                                    "uom": "EA",
                                    "sponsoredCreative": null,
                                    "isSponsored": false,
                                    "isComplementarySponsored": false,
                                    "complementarySponsoredBadgeText": null,
                                    "productBadge": null
                                },
                                {
                                    "index": 14,
                                    "productId": "21204304_EA",
                                    "productImage": [
                                        {
                                            "imageUrl": "https://assets.shop.loblaws.ca/products/21204304/b2/en/front/21204304_front_a06_@2.png",
                                            "smallUrl": "https://assets.shop.loblaws.ca/products/21204304/b1/en/front/21204304_front_a01_@2.png",
                                            "mediumUrl": "https://assets.shop.loblaws.ca/products/21204304/b3/en/front/21204304_front_a06_@2.png",
                                            "largeUrl": "https://assets.shop.loblaws.ca/products/21204304/b2/en/front/21204304_front_a06_@2.png",
                                            "smallRetinaUrl": "https://assets.shop.loblaws.ca/products/21204304/b1/en/front/21204304_front_a01_@2.png",
                                            "mediumRetinaUrl": "https://assets.shop.loblaws.ca/products/21204304/b3/en/front/21204304_front_a06_@2.png",
                                            "largeRetinaUrl": "https://assets.shop.loblaws.ca/products/21204304/b2/en/front/21204304_front_a06_@2.png"
                                        }
                                    ],
                                    "brand": "President's Choice",
                                    "title": "Garden Salad",
                                    "description": null,
                                    "packageSizing": "0.34 kg, $1.32/100g",
                                    "pricing": {
                                        "price": "4.49",
                                        "wasPrice": null,
                                        "displayPrice": "$4.49",
                                        "memberOnlyPrice": null,
                                        "mopDisplayPrice": null
                                    },
                                    "pricingUnits": {
                                        "type": "SOLD_BY_EACH",
                                        "unit": "ea",
                                        "interval": 1,
                                        "minOrderQuantity": 1,
                                        "maxOrderQuantity": 25,
                                        "weighted": false
                                    },
                                    "deal": null,
                                    "mopDeal": null,
                                    "pcoDeal": null,
                                    "inventoryIndicator": null,
                                    "offerType": "OG",
                                    "offerId": "OG",
                                    "action": null,
                                    "isVariant": false,
                                    "link": "/garden-salad/p/21204304_EA",
                                    "productVendor": null,
                                    "productVariant": null,
                                    "textBadge": "",
                                    "variantTheme": null,
                                    "articleNumber": "21204304",
                                    "uom": "EA",
                                    "sponsoredCreative": null,
                                    "isSponsored": false,
                                    "isComplementarySponsored": false,
                                    "complementarySponsoredBadgeText": null,
                                    "productBadge": null
                                },
                                {
                                    "index": 15,
                                    "productId": "21378027_EA",
                                    "productImage": [
                                        {
                                            "imageUrl": "https://assets.shop.loblaws.ca/products/21378027/b2/en/front/21378027_front_a06_@2.png",
                                            "smallUrl": "https://assets.shop.loblaws.ca/products/21378027/b1/en/front/21378027_front_a01_@2.png",
                                            "mediumUrl": "https://assets.shop.loblaws.ca/products/21378027/b3/en/front/21378027_front_a06_@2.png",
                                            "largeUrl": "https://assets.shop.loblaws.ca/products/21378027/b2/en/front/21378027_front_a06_@2.png",
                                            "smallRetinaUrl": "https://assets.shop.loblaws.ca/products/21378027/b1/en/front/21378027_front_a01_@2.png",
                                            "mediumRetinaUrl": "https://assets.shop.loblaws.ca/products/21378027/b3/en/front/21378027_front_a06_@2.png",
                                            "largeRetinaUrl": "https://assets.shop.loblaws.ca/products/21378027/b2/en/front/21378027_front_a06_@2.png"
                                        }
                                    ],
                                    "brand": "President's Choice",
                                    "title": "Salad Kit Chopped Sesame Wonton ",
                                    "description": null,
                                    "packageSizing": "347 g, $2.01/100g",
                                    "pricing": {
                                        "price": "6.99",
                                        "wasPrice": null,
                                        "displayPrice": "$6.99",
                                        "memberOnlyPrice": null,
                                        "mopDisplayPrice": null
                                    },
                                    "pricingUnits": {
                                        "type": "SOLD_BY_EACH",
                                        "unit": "ea",
                                        "interval": 1,
                                        "minOrderQuantity": 1,
                                        "maxOrderQuantity": 25,
                                        "weighted": false
                                    },
                                    "deal": {
                                        "type": "MULTI",
                                        "text": "$6.00 MIN 2",
                                        "points": 0,
                                        "name": "MULTI",
                                        "expiryDate": "2024-07-10T00:00:00Z",
                                        "dealPrice": null
                                    },
                                    "mopDeal": null,
                                    "pcoDeal": null,
                                    "inventoryIndicator": null,
                                    "offerType": "OG",
                                    "offerId": "OG",
                                    "action": null,
                                    "isVariant": false,
                                    "link": "/salad-kit-chopped-sesame-wonton/p/21378027_EA",
                                    "productVendor": null,
                                    "productVariant": null,
                                    "textBadge": "",
                                    "variantTheme": null,
                                    "articleNumber": "21378027",
                                    "uom": "EA",
                                    "sponsoredCreative": null,
                                    "isSponsored": false,
                                    "isComplementarySponsored": false,
                                    "complementarySponsoredBadgeText": null,
                                    "productBadge": null
                                },
                                {
                                    "index": 16,
                                    "productId": "21209541_EA",
                                    "productImage": [
                                        {
                                            "imageUrl": "https://assets.shop.loblaws.ca/products/21209541/b2/en/front/21209541_front_a06_@2.png",
                                            "smallUrl": "https://assets.shop.loblaws.ca/products/21209541/b1/en/front/21209541_front_a01_@2.png",
                                            "mediumUrl": "https://assets.shop.loblaws.ca/products/21209541/b3/en/front/21209541_front_a06_@2.png",
                                            "largeUrl": "https://assets.shop.loblaws.ca/products/21209541/b2/en/front/21209541_front_a06_@2.png",
                                            "smallRetinaUrl": "https://assets.shop.loblaws.ca/products/21209541/b1/en/front/21209541_front_a01_@2.png",
                                            "mediumRetinaUrl": "https://assets.shop.loblaws.ca/products/21209541/b3/en/front/21209541_front_a06_@2.png",
                                            "largeRetinaUrl": "https://assets.shop.loblaws.ca/products/21209541/b2/en/front/21209541_front_a06_@2.png"
                                        }
                                    ],
                                    "brand": "Taylor Farms",
                                    "title": "Sweet Kale Chopped Salad Kit",
                                    "description": null,
                                    "packageSizing": "0.34 kg, $2.06/100g",
                                    "pricing": {
                                        "price": "6.99",
                                        "wasPrice": null,
                                        "displayPrice": "$6.99",
                                        "memberOnlyPrice": null,
                                        "mopDisplayPrice": null
                                    },
                                    "pricingUnits": {
                                        "type": "SOLD_BY_EACH",
                                        "unit": "ea",
                                        "interval": 1,
                                        "minOrderQuantity": 1,
                                        "maxOrderQuantity": 25,
                                        "weighted": false
                                    },
                                    "deal": null,
                                    "mopDeal": null,
                                    "pcoDeal": null,
                                    "inventoryIndicator": null,
                                    "offerType": "OG",
                                    "offerId": "OG",
                                    "action": null,
                                    "isVariant": false,
                                    "link": "/sweet-kale-chopped-salad-kit/p/21209541_EA",
                                    "productVendor": null,
                                    "productVariant": null,
                                    "textBadge": "",
                                    "variantTheme": null,
                                    "articleNumber": "21209541",
                                    "uom": "EA",
                                    "sponsoredCreative": null,
                                    "isSponsored": false,
                                    "isComplementarySponsored": false,
                                    "complementarySponsoredBadgeText": null,
                                    "productBadge": null
                                },
                                {
                                    "index": 17,
                                    "productId": "21378085_EA",
                                    "productImage": [
                                        {
                                            "imageUrl": "https://assets.shop.loblaws.ca/products/21378085/b2/en/front/21378085_front_a06_@2.png",
                                            "smallUrl": "https://assets.shop.loblaws.ca/products/21378085/b1/en/front/21378085_front_a01_@2.png",
                                            "mediumUrl": "https://assets.shop.loblaws.ca/products/21378085/b3/en/front/21378085_front_a06_@2.png",
                                            "largeUrl": "https://assets.shop.loblaws.ca/products/21378085/b2/en/front/21378085_front_a06_@2.png",
                                            "smallRetinaUrl": "https://assets.shop.loblaws.ca/products/21378085/b1/en/front/21378085_front_a01_@2.png",
                                            "mediumRetinaUrl": "https://assets.shop.loblaws.ca/products/21378085/b3/en/front/21378085_front_a06_@2.png",
                                            "largeRetinaUrl": "https://assets.shop.loblaws.ca/products/21378085/b2/en/front/21378085_front_a06_@2.png"
                                        }
                                    ],
                                    "brand": "President's Choice",
                                    "title": "Caesar Salad Chop Kit",
                                    "description": null,
                                    "packageSizing": "298 g, $2.35/100g",
                                    "pricing": {
                                        "price": "6.99",
                                        "wasPrice": null,
                                        "displayPrice": "$6.99",
                                        "memberOnlyPrice": null,
                                        "mopDisplayPrice": null
                                    },
                                    "pricingUnits": {
                                        "type": "SOLD_BY_EACH",
                                        "unit": "ea",
                                        "interval": 1,
                                        "minOrderQuantity": 1,
                                        "maxOrderQuantity": 25,
                                        "weighted": false
                                    },
                                    "deal": {
                                        "type": "MULTI",
                                        "text": "$6.00 MIN 2",
                                        "points": 0,
                                        "name": "MULTI",
                                        "expiryDate": "2024-07-10T00:00:00Z",
                                        "dealPrice": null
                                    },
                                    "mopDeal": null,
                                    "pcoDeal": null,
                                    "inventoryIndicator": null,
                                    "offerType": "OG",
                                    "offerId": "OG",
                                    "action": null,
                                    "isVariant": false,
                                    "link": "/caesar-salad-chop-kit/p/21378085_EA",
                                    "productVendor": null,
                                    "productVariant": null,
                                    "textBadge": "",
                                    "variantTheme": null,
                                    "articleNumber": "21378085",
                                    "uom": "EA",
                                    "sponsoredCreative": null,
                                    "isSponsored": false,
                                    "isComplementarySponsored": false,
                                    "complementarySponsoredBadgeText": null,
                                    "productBadge": null
                                },
                                {
                                    "index": 18,
                                    "productId": "20323751_EA",
                                    "productImage": [
                                        {
                                            "imageUrl": "https://assets.shop.loblaws.ca/products/20323751/b2/en/front/20323751_front_a06_@2.png",
                                            "smallUrl": "https://assets.shop.loblaws.ca/products/20323751/b1/en/front/20323751_front_a01_@2.png",
                                            "mediumUrl": "https://assets.shop.loblaws.ca/products/20323751/b3/en/front/20323751_front_a06_@2.png",
                                            "largeUrl": "https://assets.shop.loblaws.ca/products/20323751/b2/en/front/20323751_front_a06_@2.png",
                                            "smallRetinaUrl": "https://assets.shop.loblaws.ca/products/20323751/b1/en/front/20323751_front_a01_@2.png",
                                            "mediumRetinaUrl": "https://assets.shop.loblaws.ca/products/20323751/b3/en/front/20323751_front_a06_@2.png",
                                            "largeRetinaUrl": "https://assets.shop.loblaws.ca/products/20323751/b2/en/front/20323751_front_a06_@2.png"
                                        },
                                        {
                                            "imageUrl": "https://assets.shop.loblaws.ca/products/20323751/b2/en/angle/20323751_angle_a06_@2.png",
                                            "smallUrl": "https://assets.shop.loblaws.ca/products/20323751/b1/en/angle/20323751_angle_a01_@2.png",
                                            "mediumUrl": "https://assets.shop.loblaws.ca/products/20323751/b3/en/angle/20323751_angle_a06_@2.png",
                                            "largeUrl": "https://assets.shop.loblaws.ca/products/20323751/b2/en/angle/20323751_angle_a06_@2.png",
                                            "smallRetinaUrl": "https://assets.shop.loblaws.ca/products/20323751/b1/en/angle/20323751_angle_a01_@2.png",
                                            "mediumRetinaUrl": "https://assets.shop.loblaws.ca/products/20323751/b3/en/angle/20323751_angle_a06_@2.png",
                                            "largeRetinaUrl": "https://assets.shop.loblaws.ca/products/20323751/b2/en/angle/20323751_angle_a06_@2.png"
                                        },
                                        {
                                            "imageUrl": "https://assets.shop.loblaws.ca/products/20323751/b2/en/side/20323751_side_a06_@2.png",
                                            "smallUrl": "https://assets.shop.loblaws.ca/products/20323751/b1/en/side/20323751_side_a01_@2.png",
                                            "mediumUrl": "https://assets.shop.loblaws.ca/products/20323751/b3/en/side/20323751_side_a06_@2.png",
                                            "largeUrl": "https://assets.shop.loblaws.ca/products/20323751/b2/en/side/20323751_side_a06_@2.png",
                                            "smallRetinaUrl": "https://assets.shop.loblaws.ca/products/20323751/b1/en/side/20323751_side_a01_@2.png",
                                            "mediumRetinaUrl": "https://assets.shop.loblaws.ca/products/20323751/b3/en/side/20323751_side_a06_@2.png",
                                            "largeRetinaUrl": "https://assets.shop.loblaws.ca/products/20323751/b2/en/side/20323751_side_a06_@2.png"
                                        }
                                    ],
                                    "brand": "PC Organics",
                                    "title": "Field Greens Salad Mix",
                                    "description": "<p>Organics Field Greens Salad Mix makes dinner get-togethers easy and delicious. Already thoroughly washed, just throw the salad mix into a serving bowl with your favourite chopped vegetables and serve.</p>",
                                    "packageSizing": "312 g, $2.24/100g",
                                    "pricing": {
                                        "price": "7.00",
                                        "wasPrice": null,
                                        "displayPrice": "$7.00",
                                        "memberOnlyPrice": null,
                                        "mopDisplayPrice": null
                                    },
                                    "pricingUnits": {
                                        "type": "SOLD_BY_EACH",
                                        "unit": "ea",
                                        "interval": 1,
                                        "minOrderQuantity": 1,
                                        "maxOrderQuantity": 25,
                                        "weighted": false
                                    },
                                    "deal": null,
                                    "mopDeal": null,
                                    "pcoDeal": null,
                                    "inventoryIndicator": null,
                                    "offerType": "OG",
                                    "offerId": "OG",
                                    "action": null,
                                    "isVariant": false,
                                    "link": "/field-greens-salad-mix/p/20323751_EA",
                                    "productVendor": null,
                                    "productVariant": null,
                                    "textBadge": "",
                                    "variantTheme": null,
                                    "articleNumber": "20323751",
                                    "uom": "EA",
                                    "sponsoredCreative": null,
                                    "isSponsored": false,
                                    "isComplementarySponsored": false,
                                    "complementarySponsoredBadgeText": null,
                                    "productBadge": null
                                },
                                {
                                    "index": 19,
                                    "productId": "21363212_EA",
                                    "productImage": [
                                        {
                                            "imageUrl": "https://assets.shop.loblaws.ca/products/21363212/b2/en/front/21363212_front_a06_@2.png",
                                            "smallUrl": "https://assets.shop.loblaws.ca/products/21363212/b1/en/front/21363212_front_a01_@2.png",
                                            "mediumUrl": "https://assets.shop.loblaws.ca/products/21363212/b3/en/front/21363212_front_a06_@2.png",
                                            "largeUrl": "https://assets.shop.loblaws.ca/products/21363212/b2/en/front/21363212_front_a06_@2.png",
                                            "smallRetinaUrl": "https://assets.shop.loblaws.ca/products/21363212/b1/en/front/21363212_front_a01_@2.png",
                                            "mediumRetinaUrl": "https://assets.shop.loblaws.ca/products/21363212/b3/en/front/21363212_front_a06_@2.png",
                                            "largeRetinaUrl": "https://assets.shop.loblaws.ca/products/21363212/b2/en/front/21363212_front_a06_@2.png"
                                        },
                                        {
                                            "imageUrl": "https://assets.shop.loblaws.ca/products/21363212/b2/en/angle/21363212_angle_a06_@2.png",
                                            "smallUrl": "https://assets.shop.loblaws.ca/products/21363212/b1/en/angle/21363212_angle_a01_@2.png",
                                            "mediumUrl": "https://assets.shop.loblaws.ca/products/21363212/b3/en/angle/21363212_angle_a06_@2.png",
                                            "largeUrl": "https://assets.shop.loblaws.ca/products/21363212/b2/en/angle/21363212_angle_a06_@2.png",
                                            "smallRetinaUrl": "https://assets.shop.loblaws.ca/products/21363212/b1/en/angle/21363212_angle_a01_@2.png",
                                            "mediumRetinaUrl": "https://assets.shop.loblaws.ca/products/21363212/b3/en/angle/21363212_angle_a06_@2.png",
                                            "largeRetinaUrl": "https://assets.shop.loblaws.ca/products/21363212/b2/en/angle/21363212_angle_a06_@2.png"
                                        },
                                        {
                                            "imageUrl": "https://assets.shop.loblaws.ca/products/21363212/b2/en/side/21363212_side_a06_@2.png",
                                            "smallUrl": "https://assets.shop.loblaws.ca/products/21363212/b1/en/side/21363212_side_a01_@2.png",
                                            "mediumUrl": "https://assets.shop.loblaws.ca/products/21363212/b3/en/side/21363212_side_a06_@2.png",
                                            "largeUrl": "https://assets.shop.loblaws.ca/products/21363212/b2/en/side/21363212_side_a06_@2.png",
                                            "smallRetinaUrl": "https://assets.shop.loblaws.ca/products/21363212/b1/en/side/21363212_side_a01_@2.png",
                                            "mediumRetinaUrl": "https://assets.shop.loblaws.ca/products/21363212/b3/en/side/21363212_side_a06_@2.png",
                                            "largeRetinaUrl": "https://assets.shop.loblaws.ca/products/21363212/b2/en/side/21363212_side_a06_@2.png"
                                        }
                                    ],
                                    "brand": null,
                                    "title": "Large Caesar Salad",
                                    "description": "<p>Allergen Alert : We cannot guarantee that any items have not come into contact with Peanuts, Tree nuts, Milk, Fish, Crustacean, Shellfish, Egg, Soy, Sesame, Wheat Mustard, Sulphites.</p>",
                                    "packageSizing": "558 g, $2.01/100g",
                                    "pricing": {
                                        "price": "10.00",
                                        "wasPrice": null,
                                        "displayPrice": "$10.00",
                                        "memberOnlyPrice": null,
                                        "mopDisplayPrice": null
                                    },
                                    "pricingUnits": {
                                        "type": "SOLD_BY_EACH",
                                        "unit": "ea",
                                        "interval": 1,
                                        "minOrderQuantity": 1,
                                        "maxOrderQuantity": 25,
                                        "weighted": false
                                    },
                                    "deal": null,
                                    "mopDeal": null,
                                    "pcoDeal": null,
                                    "inventoryIndicator": null,
                                    "offerType": "OG",
                                    "offerId": "OG",
                                    "action": null,
                                    "isVariant": false,
                                    "link": "/large-caesar-salad/p/21363212_EA",
                                    "productVendor": null,
                                    "productVariant": null,
                                    "textBadge": "",
                                    "variantTheme": null,
                                    "articleNumber": "21363212",
                                    "uom": "EA",
                                    "sponsoredCreative": null,
                                    "isSponsored": false,
                                    "isComplementarySponsored": false,
                                    "complementarySponsoredBadgeText": null,
                                    "productBadge": null
                                },
                                {
                                    "index": 20,
                                    "productId": "21381575_EA",
                                    "productImage": [
                                        {
                                            "imageUrl": "https://assets.shop.loblaws.ca/products/21381575/b2/en/front/21381575_front_a06_@2.png",
                                            "smallUrl": "https://assets.shop.loblaws.ca/products/21381575/b1/en/front/21381575_front_a01_@2.png",
                                            "mediumUrl": "https://assets.shop.loblaws.ca/products/21381575/b3/en/front/21381575_front_a06_@2.png",
                                            "largeUrl": "https://assets.shop.loblaws.ca/products/21381575/b2/en/front/21381575_front_a06_@2.png",
                                            "smallRetinaUrl": "https://assets.shop.loblaws.ca/products/21381575/b1/en/front/21381575_front_a01_@2.png",
                                            "mediumRetinaUrl": "https://assets.shop.loblaws.ca/products/21381575/b3/en/front/21381575_front_a06_@2.png",
                                            "largeRetinaUrl": "https://assets.shop.loblaws.ca/products/21381575/b2/en/front/21381575_front_a06_@2.png"
                                        },
                                        {
                                            "imageUrl": "https://assets.shop.loblaws.ca/products/21381575/b2/en/angle/21381575_angle_a06_@2.png",
                                            "smallUrl": "https://assets.shop.loblaws.ca/products/21381575/b1/en/angle/21381575_angle_a01_@2.png",
                                            "mediumUrl": "https://assets.shop.loblaws.ca/products/21381575/b3/en/angle/21381575_angle_a06_@2.png",
                                            "largeUrl": "https://assets.shop.loblaws.ca/products/21381575/b2/en/angle/21381575_angle_a06_@2.png",
                                            "smallRetinaUrl": "https://assets.shop.loblaws.ca/products/21381575/b1/en/angle/21381575_angle_a01_@2.png",
                                            "mediumRetinaUrl": "https://assets.shop.loblaws.ca/products/21381575/b3/en/angle/21381575_angle_a06_@2.png",
                                            "largeRetinaUrl": "https://assets.shop.loblaws.ca/products/21381575/b2/en/angle/21381575_angle_a06_@2.png"
                                        },
                                        {
                                            "imageUrl": "https://assets.shop.loblaws.ca/products/21381575/b2/en/side/21381575_side_a06_@2.png",
                                            "smallUrl": "https://assets.shop.loblaws.ca/products/21381575/b1/en/side/21381575_side_a01_@2.png",
                                            "mediumUrl": "https://assets.shop.loblaws.ca/products/21381575/b3/en/side/21381575_side_a06_@2.png",
                                            "largeUrl": "https://assets.shop.loblaws.ca/products/21381575/b2/en/side/21381575_side_a06_@2.png",
                                            "smallRetinaUrl": "https://assets.shop.loblaws.ca/products/21381575/b1/en/side/21381575_side_a01_@2.png",
                                            "mediumRetinaUrl": "https://assets.shop.loblaws.ca/products/21381575/b3/en/side/21381575_side_a06_@2.png",
                                            "largeRetinaUrl": "https://assets.shop.loblaws.ca/products/21381575/b2/en/side/21381575_side_a06_@2.png"
                                        },
                                        {
                                            "imageUrl": "https://assets.shop.loblaws.ca/products/21381575/b2/en/back/21381575_back_a06_@2.png",
                                            "smallUrl": "https://assets.shop.loblaws.ca/products/21381575/b1/en/back/21381575_back_a01_@2.png",
                                            "mediumUrl": "https://assets.shop.loblaws.ca/products/21381575/b3/en/back/21381575_back_a06_@2.png",
                                            "largeUrl": "https://assets.shop.loblaws.ca/products/21381575/b2/en/back/21381575_back_a06_@2.png",
                                            "smallRetinaUrl": "https://assets.shop.loblaws.ca/products/21381575/b1/en/back/21381575_back_a01_@2.png",
                                            "mediumRetinaUrl": "https://assets.shop.loblaws.ca/products/21381575/b3/en/back/21381575_back_a06_@2.png",
                                            "largeRetinaUrl": "https://assets.shop.loblaws.ca/products/21381575/b2/en/back/21381575_back_a06_@2.png"
                                        },
                                        {
                                            "imageUrl": "https://assets.shop.loblaws.ca/products/21381575/b2/en/top/21381575_top_a06_@2.png",
                                            "smallUrl": "https://assets.shop.loblaws.ca/products/21381575/b1/en/top/21381575_top_a01_@2.png",
                                            "mediumUrl": "https://assets.shop.loblaws.ca/products/21381575/b3/en/top/21381575_top_a06_@2.png",
                                            "largeUrl": "https://assets.shop.loblaws.ca/products/21381575/b2/en/top/21381575_top_a06_@2.png",
                                            "smallRetinaUrl": "https://assets.shop.loblaws.ca/products/21381575/b1/en/top/21381575_top_a01_@2.png",
                                            "mediumRetinaUrl": "https://assets.shop.loblaws.ca/products/21381575/b3/en/top/21381575_top_a06_@2.png",
                                            "largeRetinaUrl": "https://assets.shop.loblaws.ca/products/21381575/b2/en/top/21381575_top_a06_@2.png"
                                        },
                                        {
                                            "imageUrl": "https://assets.shop.loblaws.ca/products/21381575/b2/en/open/21381575_open_a06_@2.png",
                                            "smallUrl": "https://assets.shop.loblaws.ca/products/21381575/b1/en/open/21381575_open_a01_@2.png",
                                            "mediumUrl": "https://assets.shop.loblaws.ca/products/21381575/b3/en/open/21381575_open_a06_@2.png",
                                            "largeUrl": "https://assets.shop.loblaws.ca/products/21381575/b2/en/open/21381575_open_a06_@2.png",
                                            "smallRetinaUrl": "https://assets.shop.loblaws.ca/products/21381575/b1/en/open/21381575_open_a01_@2.png",
                                            "mediumRetinaUrl": "https://assets.shop.loblaws.ca/products/21381575/b3/en/open/21381575_open_a06_@2.png",
                                            "largeRetinaUrl": "https://assets.shop.loblaws.ca/products/21381575/b2/en/open/21381575_open_a06_@2.png"
                                        }
                                    ],
                                    "brand": "Taylor Farms",
                                    "title": "Buffalo Ranch Chopped Salad Kit",
                                    "description": "We\u2019ve combined all your favorite fresh healthy ingredients and added a flavorful kick with our delicious buffalo ranch dressing. This salad features crisp lettuce, cabbage, broccoli, carrots and green onions garnished with spicy buffalo seasoned crouton crumbles and creamy Monterey jack cheese. Add to pulled pork sliders for some extra crunch or top with grilled or roasted cauliflower.Washed and ready to enjoyReady in less than 3 minutesComplete salad kit including unique toppings & dressingIncludes buffalo seasoned croutonsIncludes creamy monterey jack cheeseBuffalo ranch dressing included",
                                    "packageSizing": "383 g, $1.83/100g",
                                    "pricing": {
                                        "price": "6.99",
                                        "wasPrice": null,
                                        "displayPrice": "$6.99",
                                        "memberOnlyPrice": null,
                                        "mopDisplayPrice": null
                                    },
                                    "pricingUnits": {
                                        "type": "SOLD_BY_EACH",
                                        "unit": "ea",
                                        "interval": 1,
                                        "minOrderQuantity": 1,
                                        "maxOrderQuantity": 25,
                                        "weighted": false
                                    },
                                    "deal": null,
                                    "mopDeal": null,
                                    "pcoDeal": null,
                                    "inventoryIndicator": {
                                        "indicatorId": "LOW",
                                        "text": "Low Stock"
                                    },
                                    "offerType": "OG",
                                    "offerId": "OG",
                                    "action": null,
                                    "isVariant": false,
                                    "link": "/buffalo-ranch-chopped-salad-kit/p/21381575_EA",
                                    "productVendor": null,
                                    "productVariant": null,
                                    "textBadge": "low-inventory",
                                    "variantTheme": null,
                                    "articleNumber": "21381575",
                                    "uom": "EA",
                                    "sponsoredCreative": null,
                                    "isSponsored": false,
                                    "isComplementarySponsored": false,
                                    "complementarySponsoredBadgeText": null,
                                    "productBadge": null
                                },
                                {
                                    "index": 21,
                                    "productId": "21378071_EA",
                                    "productImage": [
                                        {
                                            "imageUrl": "https://assets.shop.loblaws.ca/products/21378071/b2/en/front/21378071_front_a06_@2.png",
                                            "smallUrl": "https://assets.shop.loblaws.ca/products/21378071/b1/en/front/21378071_front_a01_@2.png",
                                            "mediumUrl": "https://assets.shop.loblaws.ca/products/21378071/b3/en/front/21378071_front_a06_@2.png",
                                            "largeUrl": "https://assets.shop.loblaws.ca/products/21378071/b2/en/front/21378071_front_a06_@2.png",
                                            "smallRetinaUrl": "https://assets.shop.loblaws.ca/products/21378071/b1/en/front/21378071_front_a01_@2.png",
                                            "mediumRetinaUrl": "https://assets.shop.loblaws.ca/products/21378071/b3/en/front/21378071_front_a06_@2.png",
                                            "largeRetinaUrl": "https://assets.shop.loblaws.ca/products/21378071/b2/en/front/21378071_front_a06_@2.png"
                                        }
                                    ],
                                    "brand": "President's Choice",
                                    "title": "Chipotle Ranch Chop Salad Kit",
                                    "description": null,
                                    "packageSizing": "340 g, $2.06/100g",
                                    "pricing": {
                                        "price": "6.99",
                                        "wasPrice": null,
                                        "displayPrice": "$6.99",
                                        "memberOnlyPrice": null,
                                        "mopDisplayPrice": null
                                    },
                                    "pricingUnits": {
                                        "type": "SOLD_BY_EACH",
                                        "unit": "ea",
                                        "interval": 1,
                                        "minOrderQuantity": 1,
                                        "maxOrderQuantity": 25,
                                        "weighted": false
                                    },
                                    "deal": {
                                        "type": "MULTI",
                                        "text": "$6.00 MIN 2",
                                        "points": 0,
                                        "name": "MULTI",
                                        "expiryDate": "2024-07-10T00:00:00Z",
                                        "dealPrice": null
                                    },
                                    "mopDeal": null,
                                    "pcoDeal": null,
                                    "inventoryIndicator": null,
                                    "offerType": "OG",
                                    "offerId": "OG",
                                    "action": null,
                                    "isVariant": false,
                                    "link": "/chipotle-ranch-chop-salad-kit/p/21378071_EA",
                                    "productVendor": null,
                                    "productVariant": null,
                                    "textBadge": "",
                                    "variantTheme": null,
                                    "articleNumber": "21378071",
                                    "uom": "EA",
                                    "sponsoredCreative": null,
                                    "isSponsored": false,
                                    "isComplementarySponsored": false,
                                    "complementarySponsoredBadgeText": null,
                                    "productBadge": null
                                },
                                {
                                    "index": 22,
                                    "productId": "20312523_EA",
                                    "productImage": [
                                        {
                                            "imageUrl": "https://assets.shop.loblaws.ca/products/20312523/b2/en/front/20312523_front_a06_@2.png",
                                            "smallUrl": "https://assets.shop.loblaws.ca/products/20312523/b1/en/front/20312523_front_a01_@2.png",
                                            "mediumUrl": "https://assets.shop.loblaws.ca/products/20312523/b3/en/front/20312523_front_a06_@2.png",
                                            "largeUrl": "https://assets.shop.loblaws.ca/products/20312523/b2/en/front/20312523_front_a06_@2.png",
                                            "smallRetinaUrl": "https://assets.shop.loblaws.ca/products/20312523/b1/en/front/20312523_front_a01_@2.png",
                                            "mediumRetinaUrl": "https://assets.shop.loblaws.ca/products/20312523/b3/en/front/20312523_front_a06_@2.png",
                                            "largeRetinaUrl": "https://assets.shop.loblaws.ca/products/20312523/b2/en/front/20312523_front_a06_@2.png"
                                        },
                                        {
                                            "imageUrl": "https://assets.shop.loblaws.ca/products/20312523/b2/en/angle/20312523_angle_a06_@2.png",
                                            "smallUrl": "https://assets.shop.loblaws.ca/products/20312523/b1/en/angle/20312523_angle_a01_@2.png",
                                            "mediumUrl": "https://assets.shop.loblaws.ca/products/20312523/b3/en/angle/20312523_angle_a06_@2.png",
                                            "largeUrl": "https://assets.shop.loblaws.ca/products/20312523/b2/en/angle/20312523_angle_a06_@2.png",
                                            "smallRetinaUrl": "https://assets.shop.loblaws.ca/products/20312523/b1/en/angle/20312523_angle_a01_@2.png",
                                            "mediumRetinaUrl": "https://assets.shop.loblaws.ca/products/20312523/b3/en/angle/20312523_angle_a06_@2.png",
                                            "largeRetinaUrl": "https://assets.shop.loblaws.ca/products/20312523/b2/en/angle/20312523_angle_a06_@2.png"
                                        },
                                        {
                                            "imageUrl": "https://assets.shop.loblaws.ca/products/20312523/b2/en/side/20312523_side_a06_@2.png",
                                            "smallUrl": "https://assets.shop.loblaws.ca/products/20312523/b1/en/side/20312523_side_a01_@2.png",
                                            "mediumUrl": "https://assets.shop.loblaws.ca/products/20312523/b3/en/side/20312523_side_a06_@2.png",
                                            "largeUrl": "https://assets.shop.loblaws.ca/products/20312523/b2/en/side/20312523_side_a06_@2.png",
                                            "smallRetinaUrl": "https://assets.shop.loblaws.ca/products/20312523/b1/en/side/20312523_side_a01_@2.png",
                                            "mediumRetinaUrl": "https://assets.shop.loblaws.ca/products/20312523/b3/en/side/20312523_side_a06_@2.png",
                                            "largeRetinaUrl": "https://assets.shop.loblaws.ca/products/20312523/b2/en/side/20312523_side_a06_@2.png"
                                        }
                                    ],
                                    "brand": "PC Organics",
                                    "title": "Field Greens Salad Mix",
                                    "description": "<p>Toss Organics Field Greens Salad Mix with a light vinaigrette or creamy salad dressing for the perfect side. This thoroughly-washed mix is a ready-to-use base for loaded or simple salads.</p>",
                                    "packageSizing": "142 g, $3.52/100g",
                                    "pricing": {
                                        "price": "5.00",
                                        "wasPrice": null,
                                        "displayPrice": "$5.00",
                                        "memberOnlyPrice": null,
                                        "mopDisplayPrice": null
                                    },
                                    "pricingUnits": {
                                        "type": "SOLD_BY_EACH",
                                        "unit": "ea",
                                        "interval": 1,
                                        "minOrderQuantity": 1,
                                        "maxOrderQuantity": 25,
                                        "weighted": false
                                    },
                                    "deal": null,
                                    "mopDeal": null,
                                    "pcoDeal": null,
                                    "inventoryIndicator": null,
                                    "offerType": "OG",
                                    "offerId": "OG",
                                    "action": null,
                                    "isVariant": false,
                                    "link": "/field-greens-salad-mix/p/20312523_EA",
                                    "productVendor": null,
                                    "productVariant": null,
                                    "textBadge": "",
                                    "variantTheme": null,
                                    "articleNumber": "20312523",
                                    "uom": "EA",
                                    "sponsoredCreative": null,
                                    "isSponsored": false,
                                    "isComplementarySponsored": false,
                                    "complementarySponsoredBadgeText": null,
                                    "productBadge": null
                                },
                                {
                                    "index": 23,
                                    "productId": "21381584_EA",
                                    "productImage": [
                                        {
                                            "imageUrl": "https://assets.shop.loblaws.ca/products/21381584/b2/en/front/21381584_front_a06_@2.png",
                                            "smallUrl": "https://assets.shop.loblaws.ca/products/21381584/b1/en/front/21381584_front_a01_@2.png",
                                            "mediumUrl": "https://assets.shop.loblaws.ca/products/21381584/b3/en/front/21381584_front_a06_@2.png",
                                            "largeUrl": "https://assets.shop.loblaws.ca/products/21381584/b2/en/front/21381584_front_a06_@2.png",
                                            "smallRetinaUrl": "https://assets.shop.loblaws.ca/products/21381584/b1/en/front/21381584_front_a01_@2.png",
                                            "mediumRetinaUrl": "https://assets.shop.loblaws.ca/products/21381584/b3/en/front/21381584_front_a06_@2.png",
                                            "largeRetinaUrl": "https://assets.shop.loblaws.ca/products/21381584/b2/en/front/21381584_front_a06_@2.png"
                                        },
                                        {
                                            "imageUrl": "https://assets.shop.loblaws.ca/products/21381584/b2/en/angle/21381584_angle_a06_@2.png",
                                            "smallUrl": "https://assets.shop.loblaws.ca/products/21381584/b1/en/angle/21381584_angle_a01_@2.png",
                                            "mediumUrl": "https://assets.shop.loblaws.ca/products/21381584/b3/en/angle/21381584_angle_a06_@2.png",
                                            "largeUrl": "https://assets.shop.loblaws.ca/products/21381584/b2/en/angle/21381584_angle_a06_@2.png",
                                            "smallRetinaUrl": "https://assets.shop.loblaws.ca/products/21381584/b1/en/angle/21381584_angle_a01_@2.png",
                                            "mediumRetinaUrl": "https://assets.shop.loblaws.ca/products/21381584/b3/en/angle/21381584_angle_a06_@2.png",
                                            "largeRetinaUrl": "https://assets.shop.loblaws.ca/products/21381584/b2/en/angle/21381584_angle_a06_@2.png"
                                        },
                                        {
                                            "imageUrl": "https://assets.shop.loblaws.ca/products/21381584/b2/en/side/21381584_side_a06_@2.png",
                                            "smallUrl": "https://assets.shop.loblaws.ca/products/21381584/b1/en/side/21381584_side_a01_@2.png",
                                            "mediumUrl": "https://assets.shop.loblaws.ca/products/21381584/b3/en/side/21381584_side_a06_@2.png",
                                            "largeUrl": "https://assets.shop.loblaws.ca/products/21381584/b2/en/side/21381584_side_a06_@2.png",
                                            "smallRetinaUrl": "https://assets.shop.loblaws.ca/products/21381584/b1/en/side/21381584_side_a01_@2.png",
                                            "mediumRetinaUrl": "https://assets.shop.loblaws.ca/products/21381584/b3/en/side/21381584_side_a06_@2.png",
                                            "largeRetinaUrl": "https://assets.shop.loblaws.ca/products/21381584/b2/en/side/21381584_side_a06_@2.png"
                                        },
                                        {
                                            "imageUrl": "https://assets.shop.loblaws.ca/products/21381584/b2/en/back/21381584_back_a06_@2.png",
                                            "smallUrl": "https://assets.shop.loblaws.ca/products/21381584/b1/en/back/21381584_back_a01_@2.png",
                                            "mediumUrl": "https://assets.shop.loblaws.ca/products/21381584/b3/en/back/21381584_back_a06_@2.png",
                                            "largeUrl": "https://assets.shop.loblaws.ca/products/21381584/b2/en/back/21381584_back_a06_@2.png",
                                            "smallRetinaUrl": "https://assets.shop.loblaws.ca/products/21381584/b1/en/back/21381584_back_a01_@2.png",
                                            "mediumRetinaUrl": "https://assets.shop.loblaws.ca/products/21381584/b3/en/back/21381584_back_a06_@2.png",
                                            "largeRetinaUrl": "https://assets.shop.loblaws.ca/products/21381584/b2/en/back/21381584_back_a06_@2.png"
                                        },
                                        {
                                            "imageUrl": "https://assets.shop.loblaws.ca/products/21381584/b2/en/top/21381584_top_a06_@2.png",
                                            "smallUrl": "https://assets.shop.loblaws.ca/products/21381584/b1/en/top/21381584_top_a01_@2.png",
                                            "mediumUrl": "https://assets.shop.loblaws.ca/products/21381584/b3/en/top/21381584_top_a06_@2.png",
                                            "largeUrl": "https://assets.shop.loblaws.ca/products/21381584/b2/en/top/21381584_top_a06_@2.png",
                                            "smallRetinaUrl": "https://assets.shop.loblaws.ca/products/21381584/b1/en/top/21381584_top_a01_@2.png",
                                            "mediumRetinaUrl": "https://assets.shop.loblaws.ca/products/21381584/b3/en/top/21381584_top_a06_@2.png",
                                            "largeRetinaUrl": "https://assets.shop.loblaws.ca/products/21381584/b2/en/top/21381584_top_a06_@2.png"
                                        },
                                        {
                                            "imageUrl": "https://assets.shop.loblaws.ca/products/21381584/b2/en/open/21381584_open_a06_@2.png",
                                            "smallUrl": "https://assets.shop.loblaws.ca/products/21381584/b1/en/open/21381584_open_a01_@2.png",
                                            "mediumUrl": "https://assets.shop.loblaws.ca/products/21381584/b3/en/open/21381584_open_a06_@2.png",
                                            "largeUrl": "https://assets.shop.loblaws.ca/products/21381584/b2/en/open/21381584_open_a06_@2.png",
                                            "smallRetinaUrl": "https://assets.shop.loblaws.ca/products/21381584/b1/en/open/21381584_open_a01_@2.png",
                                            "mediumRetinaUrl": "https://assets.shop.loblaws.ca/products/21381584/b3/en/open/21381584_open_a06_@2.png",
                                            "largeRetinaUrl": "https://assets.shop.loblaws.ca/products/21381584/b2/en/open/21381584_open_a06_@2.png"
                                        }
                                    ],
                                    "brand": "Taylor Farms",
                                    "title": "Broccoli Crunch Chopped Salad Kit",
                                    "description": "If you\u2019ve always wanted a vegetable garden in your backyard but don\u2019t have the time, we\u2019ve got the answer. Taylor Farms Broccoli Crunch Chopped Kit with broccoli, cauliflower, red cabbage, dried cranberries, sunflower kernels, carrots, crumbled bacon (that\u2019s right, we said \u201cbacon\u201d), and our family favorite slaw dressing will make your guests think there really is a garden out back. Impress your company and pick up a bag of Taylor Farms Broccoli Crunch Chopped Kit.Washed and ready to enjoyComplete Salad Kit including unique toppings and dressingReady in less than 3 minutesExcellent source of Vitamins A & CBacon included",
                                    "packageSizing": "360 g, $1.94/100g",
                                    "pricing": {
                                        "price": "6.99",
                                        "wasPrice": null,
                                        "displayPrice": "$6.99",
                                        "memberOnlyPrice": null,
                                        "mopDisplayPrice": null
                                    },
                                    "pricingUnits": {
                                        "type": "SOLD_BY_EACH",
                                        "unit": "ea",
                                        "interval": 1,
                                        "minOrderQuantity": 1,
                                        "maxOrderQuantity": 25,
                                        "weighted": false
                                    },
                                    "deal": null,
                                    "mopDeal": null,
                                    "pcoDeal": null,
                                    "inventoryIndicator": null,
                                    "offerType": "OG",
                                    "offerId": "OG",
                                    "action": null,
                                    "isVariant": false,
                                    "link": "/broccoli-crunch-chopped-salad-kit/p/21381584_EA",
                                    "productVendor": null,
                                    "productVariant": null,
                                    "textBadge": "",
                                    "variantTheme": null,
                                    "articleNumber": "21381584",
                                    "uom": "EA",
                                    "sponsoredCreative": null,
                                    "isSponsored": false,
                                    "isComplementarySponsored": false,
                                    "complementarySponsoredBadgeText": null,
                                    "productBadge": null
                                },
                                {
                                    "index": 24,
                                    "productId": "21335140_EA",
                                    "productImage": [
                                        {
                                            "imageUrl": "https://assets.shop.loblaws.ca/products/21335140/b2/en/front/21335140_front_a06_@2.png",
                                            "smallUrl": "https://assets.shop.loblaws.ca/products/21335140/b1/en/front/21335140_front_a01_@2.png",
                                            "mediumUrl": "https://assets.shop.loblaws.ca/products/21335140/b3/en/front/21335140_front_a06_@2.png",
                                            "largeUrl": "https://assets.shop.loblaws.ca/products/21335140/b2/en/front/21335140_front_a06_@2.png",
                                            "smallRetinaUrl": "https://assets.shop.loblaws.ca/products/21335140/b1/en/front/21335140_front_a01_@2.png",
                                            "mediumRetinaUrl": "https://assets.shop.loblaws.ca/products/21335140/b3/en/front/21335140_front_a06_@2.png",
                                            "largeRetinaUrl": "https://assets.shop.loblaws.ca/products/21335140/b2/en/front/21335140_front_a06_@2.png"
                                        },
                                        {
                                            "imageUrl": "https://assets.shop.loblaws.ca/products/21335140/b2/en/angle/21335140_angle_a06_@2.png",
                                            "smallUrl": "https://assets.shop.loblaws.ca/products/21335140/b1/en/angle/21335140_angle_a01_@2.png",
                                            "mediumUrl": "https://assets.shop.loblaws.ca/products/21335140/b3/en/angle/21335140_angle_a06_@2.png",
                                            "largeUrl": "https://assets.shop.loblaws.ca/products/21335140/b2/en/angle/21335140_angle_a06_@2.png",
                                            "smallRetinaUrl": "https://assets.shop.loblaws.ca/products/21335140/b1/en/angle/21335140_angle_a01_@2.png",
                                            "mediumRetinaUrl": "https://assets.shop.loblaws.ca/products/21335140/b3/en/angle/21335140_angle_a06_@2.png",
                                            "largeRetinaUrl": "https://assets.shop.loblaws.ca/products/21335140/b2/en/angle/21335140_angle_a06_@2.png"
                                        },
                                        {
                                            "imageUrl": "https://assets.shop.loblaws.ca/products/21335140/b2/en/side/21335140_side_a06_@2.png",
                                            "smallUrl": "https://assets.shop.loblaws.ca/products/21335140/b1/en/side/21335140_side_a01_@2.png",
                                            "mediumUrl": "https://assets.shop.loblaws.ca/products/21335140/b3/en/side/21335140_side_a06_@2.png",
                                            "largeUrl": "https://assets.shop.loblaws.ca/products/21335140/b2/en/side/21335140_side_a06_@2.png",
                                            "smallRetinaUrl": "https://assets.shop.loblaws.ca/products/21335140/b1/en/side/21335140_side_a01_@2.png",
                                            "mediumRetinaUrl": "https://assets.shop.loblaws.ca/products/21335140/b3/en/side/21335140_side_a06_@2.png",
                                            "largeRetinaUrl": "https://assets.shop.loblaws.ca/products/21335140/b2/en/side/21335140_side_a06_@2.png"
                                        },
                                        {
                                            "imageUrl": "https://assets.shop.loblaws.ca/products/21335140/b2/en/back/21335140_back_a06_@2.png",
                                            "smallUrl": "https://assets.shop.loblaws.ca/products/21335140/b1/en/back/21335140_back_a01_@2.png",
                                            "mediumUrl": "https://assets.shop.loblaws.ca/products/21335140/b3/en/back/21335140_back_a06_@2.png",
                                            "largeUrl": "https://assets.shop.loblaws.ca/products/21335140/b2/en/back/21335140_back_a06_@2.png",
                                            "smallRetinaUrl": "https://assets.shop.loblaws.ca/products/21335140/b1/en/back/21335140_back_a01_@2.png",
                                            "mediumRetinaUrl": "https://assets.shop.loblaws.ca/products/21335140/b3/en/back/21335140_back_a06_@2.png",
                                            "largeRetinaUrl": "https://assets.shop.loblaws.ca/products/21335140/b2/en/back/21335140_back_a06_@2.png"
                                        },
                                        {
                                            "imageUrl": "https://assets.shop.loblaws.ca/products/21335140/b2/en/top/21335140_top_a06_@2.png",
                                            "smallUrl": "https://assets.shop.loblaws.ca/products/21335140/b1/en/top/21335140_top_a01_@2.png",
                                            "mediumUrl": "https://assets.shop.loblaws.ca/products/21335140/b3/en/top/21335140_top_a06_@2.png",
                                            "largeUrl": "https://assets.shop.loblaws.ca/products/21335140/b2/en/top/21335140_top_a06_@2.png",
                                            "smallRetinaUrl": "https://assets.shop.loblaws.ca/products/21335140/b1/en/top/21335140_top_a01_@2.png",
                                            "mediumRetinaUrl": "https://assets.shop.loblaws.ca/products/21335140/b3/en/top/21335140_top_a06_@2.png",
                                            "largeRetinaUrl": "https://assets.shop.loblaws.ca/products/21335140/b2/en/top/21335140_top_a06_@2.png"
                                        },
                                        {
                                            "imageUrl": "https://assets.shop.loblaws.ca/products/21335140/b2/en/open/21335140_open_a06_@2.png",
                                            "smallUrl": "https://assets.shop.loblaws.ca/products/21335140/b1/en/open/21335140_open_a01_@2.png",
                                            "mediumUrl": "https://assets.shop.loblaws.ca/products/21335140/b3/en/open/21335140_open_a06_@2.png",
                                            "largeUrl": "https://assets.shop.loblaws.ca/products/21335140/b2/en/open/21335140_open_a06_@2.png",
                                            "smallRetinaUrl": "https://assets.shop.loblaws.ca/products/21335140/b1/en/open/21335140_open_a01_@2.png",
                                            "mediumRetinaUrl": "https://assets.shop.loblaws.ca/products/21335140/b3/en/open/21335140_open_a06_@2.png",
                                            "largeRetinaUrl": "https://assets.shop.loblaws.ca/products/21335140/b2/en/open/21335140_open_a06_@2.png"
                                        }
                                    ],
                                    "brand": "Taylor Farms",
                                    "title": "Everything Chopped Salad Kit",
                                    "description": "Everything you LOVE about a loaded everything bagel is packed into this delicious chopped kit. Green Leaf Lettuce, Shredded Broccoli, Red & Savoy Cabbage, Mini Bagel Toasts, Carrots, Green Onion, Everything Bagel Seasoning topped off with a CREAMY and SAVORY Everything Seasoned Ranch Dressing making your taste buds wanting more. Pair with smoked salmon for a bagel and lox twist or craft a unique avocado toast in minutes.Washed and ready to enjoyReady in less than 3 minutesComplete salad kit including unique toppings & dressingIncludes everything seasoning",
                                    "packageSizing": "336 g, $2.08/100g",
                                    "pricing": {
                                        "price": "6.99",
                                        "wasPrice": null,
                                        "displayPrice": "$6.99",
                                        "memberOnlyPrice": null,
                                        "mopDisplayPrice": null
                                    },
                                    "pricingUnits": {
                                        "type": "SOLD_BY_EACH",
                                        "unit": "ea",
                                        "interval": 1,
                                        "minOrderQuantity": 1,
                                        "maxOrderQuantity": 25,
                                        "weighted": false
                                    },
                                    "deal": null,
                                    "mopDeal": null,
                                    "pcoDeal": null,
                                    "inventoryIndicator": null,
                                    "offerType": "OG",
                                    "offerId": "OG",
                                    "action": null,
                                    "isVariant": false,
                                    "link": "/everything-chopped-salad-kit/p/21335140_EA",
                                    "productVendor": null,
                                    "productVariant": null,
                                    "textBadge": "",
                                    "variantTheme": null,
                                    "articleNumber": "21335140",
                                    "uom": "EA",
                                    "sponsoredCreative": null,
                                    "isSponsored": false,
                                    "isComplementarySponsored": false,
                                    "complementarySponsoredBadgeText": null,
                                    "productBadge": null
                                },
                                {
                                    "index": 25,
                                    "productId": "21588279_EA",
                                    "productImage": [
                                        {
                                            "imageUrl": "https://assets.shop.loblaws.ca/products/21588279/b2/en/front/21588279_front_a06_@2.png",
                                            "smallUrl": "https://assets.shop.loblaws.ca/products/21588279/b1/en/front/21588279_front_a01_@2.png",
                                            "mediumUrl": "https://assets.shop.loblaws.ca/products/21588279/b3/en/front/21588279_front_a06_@2.png",
                                            "largeUrl": "https://assets.shop.loblaws.ca/products/21588279/b2/en/front/21588279_front_a06_@2.png",
                                            "smallRetinaUrl": "https://assets.shop.loblaws.ca/products/21588279/b1/en/front/21588279_front_a01_@2.png",
                                            "mediumRetinaUrl": "https://assets.shop.loblaws.ca/products/21588279/b3/en/front/21588279_front_a06_@2.png",
                                            "largeRetinaUrl": "https://assets.shop.loblaws.ca/products/21588279/b2/en/front/21588279_front_a06_@2.png"
                                        }
                                    ],
                                    "brand": "President's Choice",
                                    "title": "Creamy Dill Pickle Slaw Kit",
                                    "description": "<p>We take our fresh and crunchy slaw up a few notches with this all-in-one dill-icious salad kit. You get a zesty dill trifecta: crunchy fried \u201cdillies\u201d (or dill pickle pieces), loads of creamy dill pickle seasoning and dill pickle ranch\u2014all over a Coleslaw base. Great tossed and dressed on its own, we also like it piled on burgers, sausages, pulled pork, or fish tacos (but we\u2019ll let you take your pick).</p>",
                                    "packageSizing": "301 g, $1.99/100g",
                                    "pricing": {
                                        "price": "5.99",
                                        "wasPrice": null,
                                        "displayPrice": "$5.99",
                                        "memberOnlyPrice": null,
                                        "mopDisplayPrice": null
                                    },
                                    "pricingUnits": {
                                        "type": "SOLD_BY_EACH",
                                        "unit": "ea",
                                        "interval": 1,
                                        "minOrderQuantity": 1,
                                        "maxOrderQuantity": 25,
                                        "weighted": false
                                    },
                                    "deal": null,
                                    "mopDeal": null,
                                    "pcoDeal": null,
                                    "inventoryIndicator": null,
                                    "offerType": "OG",
                                    "offerId": "OG",
                                    "action": null,
                                    "isVariant": false,
                                    "link": "/creamy-dill-pickle-slaw-kit/p/21588279_EA",
                                    "productVendor": null,
                                    "productVariant": null,
                                    "textBadge": "",
                                    "variantTheme": null,
                                    "articleNumber": "21588279",
                                    "uom": "EA",
                                    "sponsoredCreative": null,
                                    "isSponsored": false,
                                    "isComplementarySponsored": false,
                                    "complementarySponsoredBadgeText": null,
                                    "productBadge": {
                                        "badgeId": "NEW",
                                        "badgeClass": null,
                                        "text": "New"
                                    }
                                },
                                {
                                    "index": 26,
                                    "productId": "21378024_EA",
                                    "productImage": [
                                        {
                                            "imageUrl": "https://assets.shop.loblaws.ca/products/21378024/b2/en/front/21378024_front_a06_@2.png",
                                            "smallUrl": "https://assets.shop.loblaws.ca/products/21378024/b1/en/front/21378024_front_a01_@2.png",
                                            "mediumUrl": "https://assets.shop.loblaws.ca/products/21378024/b3/en/front/21378024_front_a06_@2.png",
                                            "largeUrl": "https://assets.shop.loblaws.ca/products/21378024/b2/en/front/21378024_front_a06_@2.png",
                                            "smallRetinaUrl": "https://assets.shop.loblaws.ca/products/21378024/b1/en/front/21378024_front_a01_@2.png",
                                            "mediumRetinaUrl": "https://assets.shop.loblaws.ca/products/21378024/b3/en/front/21378024_front_a06_@2.png",
                                            "largeRetinaUrl": "https://assets.shop.loblaws.ca/products/21378024/b2/en/front/21378024_front_a06_@2.png"
                                        }
                                    ],
                                    "brand": "President's Choice",
                                    "title": "Bacon Caesar Chop Salad Kit",
                                    "description": null,
                                    "packageSizing": "326 g, $2.14/100g",
                                    "pricing": {
                                        "price": "6.99",
                                        "wasPrice": null,
                                        "displayPrice": "$6.99",
                                        "memberOnlyPrice": null,
                                        "mopDisplayPrice": null
                                    },
                                    "pricingUnits": {
                                        "type": "SOLD_BY_EACH",
                                        "unit": "ea",
                                        "interval": 1,
                                        "minOrderQuantity": 1,
                                        "maxOrderQuantity": 25,
                                        "weighted": false
                                    },
                                    "deal": {
                                        "type": "MULTI",
                                        "text": "$6.00 MIN 2",
                                        "points": 0,
                                        "name": "MULTI",
                                        "expiryDate": "2024-07-10T00:00:00Z",
                                        "dealPrice": null
                                    },
                                    "mopDeal": null,
                                    "pcoDeal": null,
                                    "inventoryIndicator": null,
                                    "offerType": "OG",
                                    "offerId": "OG",
                                    "action": null,
                                    "isVariant": false,
                                    "link": "/bacon-caesar-chop-salad-kit/p/21378024_EA",
                                    "productVendor": null,
                                    "productVariant": null,
                                    "textBadge": "",
                                    "variantTheme": null,
                                    "articleNumber": "21378024",
                                    "uom": "EA",
                                    "sponsoredCreative": null,
                                    "isSponsored": false,
                                    "isComplementarySponsored": false,
                                    "complementarySponsoredBadgeText": null,
                                    "productBadge": null
                                },
                                {
                                    "index": 27,
                                    "productId": "21547873_EA",
                                    "productImage": [
                                        {
                                            "imageUrl": "https://assets.shop.loblaws.ca/products/21547873/b2/en/front/21547873_front_a06_@2.png",
                                            "smallUrl": "https://assets.shop.loblaws.ca/products/21547873/b1/en/front/21547873_front_a01_@2.png",
                                            "mediumUrl": "https://assets.shop.loblaws.ca/products/21547873/b3/en/front/21547873_front_a06_@2.png",
                                            "largeUrl": "https://assets.shop.loblaws.ca/products/21547873/b2/en/front/21547873_front_a06_@2.png",
                                            "smallRetinaUrl": "https://assets.shop.loblaws.ca/products/21547873/b1/en/front/21547873_front_a01_@2.png",
                                            "mediumRetinaUrl": "https://assets.shop.loblaws.ca/products/21547873/b3/en/front/21547873_front_a06_@2.png",
                                            "largeRetinaUrl": "https://assets.shop.loblaws.ca/products/21547873/b2/en/front/21547873_front_a06_@2.png"
                                        },
                                        {
                                            "imageUrl": "https://assets.shop.loblaws.ca/products/21547873/b2/en/angle/21547873_angle_a06_@2.png",
                                            "smallUrl": "https://assets.shop.loblaws.ca/products/21547873/b1/en/angle/21547873_angle_a01_@2.png",
                                            "mediumUrl": "https://assets.shop.loblaws.ca/products/21547873/b3/en/angle/21547873_angle_a06_@2.png",
                                            "largeUrl": "https://assets.shop.loblaws.ca/products/21547873/b2/en/angle/21547873_angle_a06_@2.png",
                                            "smallRetinaUrl": "https://assets.shop.loblaws.ca/products/21547873/b1/en/angle/21547873_angle_a01_@2.png",
                                            "mediumRetinaUrl": "https://assets.shop.loblaws.ca/products/21547873/b3/en/angle/21547873_angle_a06_@2.png",
                                            "largeRetinaUrl": "https://assets.shop.loblaws.ca/products/21547873/b2/en/angle/21547873_angle_a06_@2.png"
                                        }
                                    ],
                                    "brand": "President's Choice",
                                    "title": "Chopped Lemon Tahini Crunch Salad Kit",
                                    "description": "<p>Building a standout salad is a bit of an art. You need the right ratios of ingredients, the right combination of textures\u2014tender, crispy, crunchy, creamy\u2014and a dressing that ties it all together. This one is built with a hearty base of shredded broccoli stalk, shredded carrots, savoy cabbage, red cabbage, green leaf lettuce and green onion. Now for an unexpected textural element: crunchy roasted chickpeas with a falafel-inspired seasoning pouch. Toss with a creamy, toasty and lemony dressing inspired by our PC\u00e2 Tahini with Preserved Lemon dressing, with tahini, brown sugar, lemon juice, sumac and more Middle Eastern-inspired spices. Now it\u2019s your turn to complete the experiment: dump, toss and enjoy.  </p>",
                                    "packageSizing": "0.285 kg, $2.45/100g",
                                    "pricing": {
                                        "price": "6.99",
                                        "wasPrice": null,
                                        "displayPrice": "$6.99",
                                        "memberOnlyPrice": null,
                                        "mopDisplayPrice": null
                                    },
                                    "pricingUnits": {
                                        "type": "SOLD_BY_EACH",
                                        "unit": "ea",
                                        "interval": 1,
                                        "minOrderQuantity": 1,
                                        "maxOrderQuantity": 25,
                                        "weighted": false
                                    },
                                    "deal": {
                                        "type": "MULTI",
                                        "text": "$6.00 MIN 2",
                                        "points": 0,
                                        "name": "MULTI",
                                        "expiryDate": "2024-07-10T00:00:00Z",
                                        "dealPrice": null
                                    },
                                    "mopDeal": null,
                                    "pcoDeal": null,
                                    "inventoryIndicator": {
                                        "indicatorId": "LOW",
                                        "text": "Low Stock"
                                    },
                                    "offerType": "OG",
                                    "offerId": "OG",
                                    "action": null,
                                    "isVariant": false,
                                    "link": "/chopped-lemon-tahini-crunch-salad-kit/p/21547873_EA",
                                    "productVendor": null,
                                    "productVariant": null,
                                    "textBadge": "low-inventory",
                                    "variantTheme": null,
                                    "articleNumber": "21547873",
                                    "uom": "EA",
                                    "sponsoredCreative": null,
                                    "isSponsored": false,
                                    "isComplementarySponsored": false,
                                    "complementarySponsoredBadgeText": null,
                                    "productBadge": null
                                },
                                {
                                    "index": 28,
                                    "productId": "21204034_EA",
                                    "productImage": [
                                        {
                                            "imageUrl": "https://assets.shop.loblaws.ca/products/21204034/b2/en/front/21204034_front_a06_@2.png",
                                            "smallUrl": "https://assets.shop.loblaws.ca/products/21204034/b1/en/front/21204034_front_a01_@2.png",
                                            "mediumUrl": "https://assets.shop.loblaws.ca/products/21204034/b3/en/front/21204034_front_a06_@2.png",
                                            "largeUrl": "https://assets.shop.loblaws.ca/products/21204034/b2/en/front/21204034_front_a06_@2.png",
                                            "smallRetinaUrl": "https://assets.shop.loblaws.ca/products/21204034/b1/en/front/21204034_front_a01_@2.png",
                                            "mediumRetinaUrl": "https://assets.shop.loblaws.ca/products/21204034/b3/en/front/21204034_front_a06_@2.png",
                                            "largeRetinaUrl": "https://assets.shop.loblaws.ca/products/21204034/b2/en/front/21204034_front_a06_@2.png"
                                        }
                                    ],
                                    "brand": "President's Choice",
                                    "title": "Romaine Salad",
                                    "description": null,
                                    "packageSizing": "0.255 kg, $1.76/100g",
                                    "pricing": {
                                        "price": "4.49",
                                        "wasPrice": null,
                                        "displayPrice": "$4.49",
                                        "memberOnlyPrice": null,
                                        "mopDisplayPrice": null
                                    },
                                    "pricingUnits": {
                                        "type": "SOLD_BY_EACH",
                                        "unit": "ea",
                                        "interval": 1,
                                        "minOrderQuantity": 1,
                                        "maxOrderQuantity": 25,
                                        "weighted": false
                                    },
                                    "deal": null,
                                    "mopDeal": null,
                                    "pcoDeal": null,
                                    "inventoryIndicator": null,
                                    "offerType": "OG",
                                    "offerId": "OG",
                                    "action": null,
                                    "isVariant": false,
                                    "link": "/romaine-salad/p/21204034_EA",
                                    "productVendor": null,
                                    "productVariant": null,
                                    "textBadge": "",
                                    "variantTheme": null,
                                    "articleNumber": "21204034",
                                    "uom": "EA",
                                    "sponsoredCreative": null,
                                    "isSponsored": false,
                                    "isComplementarySponsored": false,
                                    "complementarySponsoredBadgeText": null,
                                    "productBadge": null
                                },
                                {
                                    "index": 29,
                                    "productId": "21204253_EA",
                                    "productImage": [
                                        {
                                            "imageUrl": "https://assets.shop.loblaws.ca/products/21204253/b2/en/front/21204253_front_a06_@2.png",
                                            "smallUrl": "https://assets.shop.loblaws.ca/products/21204253/b1/en/front/21204253_front_a01_@2.png",
                                            "mediumUrl": "https://assets.shop.loblaws.ca/products/21204253/b3/en/front/21204253_front_a06_@2.png",
                                            "largeUrl": "https://assets.shop.loblaws.ca/products/21204253/b2/en/front/21204253_front_a06_@2.png",
                                            "smallRetinaUrl": "https://assets.shop.loblaws.ca/products/21204253/b1/en/front/21204253_front_a01_@2.png",
                                            "mediumRetinaUrl": "https://assets.shop.loblaws.ca/products/21204253/b3/en/front/21204253_front_a06_@2.png",
                                            "largeRetinaUrl": "https://assets.shop.loblaws.ca/products/21204253/b2/en/front/21204253_front_a06_@2.png"
                                        },
                                        {
                                            "imageUrl": "https://assets.shop.loblaws.ca/products/21204253/b2/en/angle/21204253_angle_a06_@2.png",
                                            "smallUrl": "https://assets.shop.loblaws.ca/products/21204253/b1/en/angle/21204253_angle_a01_@2.png",
                                            "mediumUrl": "https://assets.shop.loblaws.ca/products/21204253/b3/en/angle/21204253_angle_a06_@2.png",
                                            "largeUrl": "https://assets.shop.loblaws.ca/products/21204253/b2/en/angle/21204253_angle_a06_@2.png",
                                            "smallRetinaUrl": "https://assets.shop.loblaws.ca/products/21204253/b1/en/angle/21204253_angle_a01_@2.png",
                                            "mediumRetinaUrl": "https://assets.shop.loblaws.ca/products/21204253/b3/en/angle/21204253_angle_a06_@2.png",
                                            "largeRetinaUrl": "https://assets.shop.loblaws.ca/products/21204253/b2/en/angle/21204253_angle_a06_@2.png"
                                        },
                                        {
                                            "imageUrl": "https://assets.shop.loblaws.ca/products/21204253/b2/en/side/21204253_side_a06_@2.png",
                                            "smallUrl": "https://assets.shop.loblaws.ca/products/21204253/b1/en/side/21204253_side_a01_@2.png",
                                            "mediumUrl": "https://assets.shop.loblaws.ca/products/21204253/b3/en/side/21204253_side_a06_@2.png",
                                            "largeUrl": "https://assets.shop.loblaws.ca/products/21204253/b2/en/side/21204253_side_a06_@2.png",
                                            "smallRetinaUrl": "https://assets.shop.loblaws.ca/products/21204253/b1/en/side/21204253_side_a01_@2.png",
                                            "mediumRetinaUrl": "https://assets.shop.loblaws.ca/products/21204253/b3/en/side/21204253_side_a06_@2.png",
                                            "largeRetinaUrl": "https://assets.shop.loblaws.ca/products/21204253/b2/en/side/21204253_side_a06_@2.png"
                                        }
                                    ],
                                    "brand": "President's Choice",
                                    "title": "50-50 Blend - A Blend of Baby Spinach and Field Greens",
                                    "description": null,
                                    "packageSizing": "0.283 kg, $2.12/100g",
                                    "pricing": {
                                        "price": "6.00",
                                        "wasPrice": null,
                                        "displayPrice": "$6.00",
                                        "memberOnlyPrice": null,
                                        "mopDisplayPrice": null
                                    },
                                    "pricingUnits": {
                                        "type": "SOLD_BY_EACH",
                                        "unit": "ea",
                                        "interval": 1,
                                        "minOrderQuantity": 1,
                                        "maxOrderQuantity": 25,
                                        "weighted": false
                                    },
                                    "deal": null,
                                    "mopDeal": null,
                                    "pcoDeal": null,
                                    "inventoryIndicator": null,
                                    "offerType": "OG",
                                    "offerId": "OG",
                                    "action": null,
                                    "isVariant": false,
                                    "link": "/50-50-blend-a-blend-of-baby-spinach-and-field-gree/p/21204253_EA",
                                    "productVendor": null,
                                    "productVariant": null,
                                    "textBadge": "",
                                    "variantTheme": null,
                                    "articleNumber": "21204253",
                                    "uom": "EA",
                                    "sponsoredCreative": null,
                                    "isSponsored": false,
                                    "isComplementarySponsored": false,
                                    "complementarySponsoredBadgeText": null,
                                    "productBadge": null
                                },
                                {
                                    "index": 30,
                                    "productId": "21448996_EA",
                                    "productImage": [
                                        {
                                            "imageUrl": "https://assets.shop.loblaws.ca/products/21448996/b2/en/front/21448996_front_a06_@2.png",
                                            "smallUrl": "https://assets.shop.loblaws.ca/products/21448996/b1/en/front/21448996_front_a01_@2.png",
                                            "mediumUrl": "https://assets.shop.loblaws.ca/products/21448996/b3/en/front/21448996_front_a06_@2.png",
                                            "largeUrl": "https://assets.shop.loblaws.ca/products/21448996/b2/en/front/21448996_front_a06_@2.png",
                                            "smallRetinaUrl": "https://assets.shop.loblaws.ca/products/21448996/b1/en/front/21448996_front_a01_@2.png",
                                            "mediumRetinaUrl": "https://assets.shop.loblaws.ca/products/21448996/b3/en/front/21448996_front_a06_@2.png",
                                            "largeRetinaUrl": "https://assets.shop.loblaws.ca/products/21448996/b2/en/front/21448996_front_a06_@2.png"
                                        },
                                        {
                                            "imageUrl": "https://assets.shop.loblaws.ca/products/21448996/b2/en/angle/21448996_angle_a06_@2.png",
                                            "smallUrl": "https://assets.shop.loblaws.ca/products/21448996/b1/en/angle/21448996_angle_a01_@2.png",
                                            "mediumUrl": "https://assets.shop.loblaws.ca/products/21448996/b3/en/angle/21448996_angle_a06_@2.png",
                                            "largeUrl": "https://assets.shop.loblaws.ca/products/21448996/b2/en/angle/21448996_angle_a06_@2.png",
                                            "smallRetinaUrl": "https://assets.shop.loblaws.ca/products/21448996/b1/en/angle/21448996_angle_a01_@2.png",
                                            "mediumRetinaUrl": "https://assets.shop.loblaws.ca/products/21448996/b3/en/angle/21448996_angle_a06_@2.png",
                                            "largeRetinaUrl": "https://assets.shop.loblaws.ca/products/21448996/b2/en/angle/21448996_angle_a06_@2.png"
                                        }
                                    ],
                                    "brand": "President's Choice",
                                    "title": "Chopped Mexican Style Street Corn Salad Kit",
                                    "description": "<p>Putting together a salad is easy with Chopped Mexican Style Street Corn Salad Kit. This kit includes broccoli, green leaf lettuce, red cabbage, Savoy cabbage, carrots, green onions, cotija crumble, smoked paprika crouton crumble, freeze-dried corn, and creamy elote dressing.</p>",
                                    "packageSizing": "285 g, $2.45/100g",
                                    "pricing": {
                                        "price": "6.99",
                                        "wasPrice": null,
                                        "displayPrice": "$6.99",
                                        "memberOnlyPrice": null,
                                        "mopDisplayPrice": null
                                    },
                                    "pricingUnits": {
                                        "type": "SOLD_BY_EACH",
                                        "unit": "ea",
                                        "interval": 1,
                                        "minOrderQuantity": 1,
                                        "maxOrderQuantity": 25,
                                        "weighted": false
                                    },
                                    "deal": {
                                        "type": "MULTI",
                                        "text": "$6.00 MIN 2",
                                        "points": 0,
                                        "name": "MULTI",
                                        "expiryDate": "2024-07-10T00:00:00Z",
                                        "dealPrice": null
                                    },
                                    "mopDeal": null,
                                    "pcoDeal": null,
                                    "inventoryIndicator": null,
                                    "offerType": "OG",
                                    "offerId": "OG",
                                    "action": null,
                                    "isVariant": false,
                                    "link": "/chopped-mexican-style-street-corn-salad-kit/p/21448996_EA",
                                    "productVendor": null,
                                    "productVariant": null,
                                    "textBadge": "",
                                    "variantTheme": null,
                                    "articleNumber": "21448996",
                                    "uom": "EA",
                                    "sponsoredCreative": null,
                                    "isSponsored": false,
                                    "isComplementarySponsored": false,
                                    "complementarySponsoredBadgeText": null,
                                    "productBadge": null
                                },
                                {
                                    "index": 31,
                                    "productId": "21203751_EA",
                                    "productImage": [
                                        {
                                            "imageUrl": "https://assets.shop.loblaws.ca/products/21203751/b2/en/front/21203751_front_a06_@2.png",
                                            "smallUrl": "https://assets.shop.loblaws.ca/products/21203751/b1/en/front/21203751_front_a01_@2.png",
                                            "mediumUrl": "https://assets.shop.loblaws.ca/products/21203751/b3/en/front/21203751_front_a06_@2.png",
                                            "largeUrl": "https://assets.shop.loblaws.ca/products/21203751/b2/en/front/21203751_front_a06_@2.png",
                                            "smallRetinaUrl": "https://assets.shop.loblaws.ca/products/21203751/b1/en/front/21203751_front_a01_@2.png",
                                            "mediumRetinaUrl": "https://assets.shop.loblaws.ca/products/21203751/b3/en/front/21203751_front_a06_@2.png",
                                            "largeRetinaUrl": "https://assets.shop.loblaws.ca/products/21203751/b2/en/front/21203751_front_a06_@2.png"
                                        },
                                        {
                                            "imageUrl": "https://assets.shop.loblaws.ca/products/21203751/b2/en/angle/21203751_angle_a06_@2.png",
                                            "smallUrl": "https://assets.shop.loblaws.ca/products/21203751/b1/en/angle/21203751_angle_a01_@2.png",
                                            "mediumUrl": "https://assets.shop.loblaws.ca/products/21203751/b3/en/angle/21203751_angle_a06_@2.png",
                                            "largeUrl": "https://assets.shop.loblaws.ca/products/21203751/b2/en/angle/21203751_angle_a06_@2.png",
                                            "smallRetinaUrl": "https://assets.shop.loblaws.ca/products/21203751/b1/en/angle/21203751_angle_a01_@2.png",
                                            "mediumRetinaUrl": "https://assets.shop.loblaws.ca/products/21203751/b3/en/angle/21203751_angle_a06_@2.png",
                                            "largeRetinaUrl": "https://assets.shop.loblaws.ca/products/21203751/b2/en/angle/21203751_angle_a06_@2.png"
                                        },
                                        {
                                            "imageUrl": "https://assets.shop.loblaws.ca/products/21203751/b2/en/side/21203751_side_a06_@2.png",
                                            "smallUrl": "https://assets.shop.loblaws.ca/products/21203751/b1/en/side/21203751_side_a01_@2.png",
                                            "mediumUrl": "https://assets.shop.loblaws.ca/products/21203751/b3/en/side/21203751_side_a06_@2.png",
                                            "largeUrl": "https://assets.shop.loblaws.ca/products/21203751/b2/en/side/21203751_side_a06_@2.png",
                                            "smallRetinaUrl": "https://assets.shop.loblaws.ca/products/21203751/b1/en/side/21203751_side_a01_@2.png",
                                            "mediumRetinaUrl": "https://assets.shop.loblaws.ca/products/21203751/b3/en/side/21203751_side_a06_@2.png",
                                            "largeRetinaUrl": "https://assets.shop.loblaws.ca/products/21203751/b2/en/side/21203751_side_a06_@2.png"
                                        }
                                    ],
                                    "brand": "President's Choice",
                                    "title": "Sweet Baby Lettuce",
                                    "description": null,
                                    "packageSizing": "142 g, $2.82/100g",
                                    "pricing": {
                                        "price": "4.00",
                                        "wasPrice": null,
                                        "displayPrice": "$4.00",
                                        "memberOnlyPrice": null,
                                        "mopDisplayPrice": null
                                    },
                                    "pricingUnits": {
                                        "type": "SOLD_BY_EACH",
                                        "unit": "ea",
                                        "interval": 1,
                                        "minOrderQuantity": 1,
                                        "maxOrderQuantity": 25,
                                        "weighted": false
                                    },
                                    "deal": null,
                                    "mopDeal": null,
                                    "pcoDeal": null,
                                    "inventoryIndicator": null,
                                    "offerType": "OG",
                                    "offerId": "OG",
                                    "action": null,
                                    "isVariant": false,
                                    "link": "/sweet-baby-lettuce/p/21203751_EA",
                                    "productVendor": null,
                                    "productVariant": null,
                                    "textBadge": "",
                                    "variantTheme": null,
                                    "articleNumber": "21203751",
                                    "uom": "EA",
                                    "sponsoredCreative": null,
                                    "isSponsored": false,
                                    "isComplementarySponsored": false,
                                    "complementarySponsoredBadgeText": null,
                                    "productBadge": null
                                },
                                {
                                    "index": 32,
                                    "productId": "21414456_EA",
                                    "productImage": [
                                        {
                                            "imageUrl": "https://assets.shop.loblaws.ca/products/21414456/b2/en/front/21414456_front_a06_@2.png",
                                            "smallUrl": "https://assets.shop.loblaws.ca/products/21414456/b1/en/front/21414456_front_a01_@2.png",
                                            "mediumUrl": "https://assets.shop.loblaws.ca/products/21414456/b3/en/front/21414456_front_a06_@2.png",
                                            "largeUrl": "https://assets.shop.loblaws.ca/products/21414456/b2/en/front/21414456_front_a06_@2.png",
                                            "smallRetinaUrl": "https://assets.shop.loblaws.ca/products/21414456/b1/en/front/21414456_front_a01_@2.png",
                                            "mediumRetinaUrl": "https://assets.shop.loblaws.ca/products/21414456/b3/en/front/21414456_front_a06_@2.png",
                                            "largeRetinaUrl": "https://assets.shop.loblaws.ca/products/21414456/b2/en/front/21414456_front_a06_@2.png"
                                        },
                                        {
                                            "imageUrl": "https://assets.shop.loblaws.ca/products/21414456/b2/en/angle/21414456_angle_a06_@2.png",
                                            "smallUrl": "https://assets.shop.loblaws.ca/products/21414456/b1/en/angle/21414456_angle_a01_@2.png",
                                            "mediumUrl": "https://assets.shop.loblaws.ca/products/21414456/b3/en/angle/21414456_angle_a06_@2.png",
                                            "largeUrl": "https://assets.shop.loblaws.ca/products/21414456/b2/en/angle/21414456_angle_a06_@2.png",
                                            "smallRetinaUrl": "https://assets.shop.loblaws.ca/products/21414456/b1/en/angle/21414456_angle_a01_@2.png",
                                            "mediumRetinaUrl": "https://assets.shop.loblaws.ca/products/21414456/b3/en/angle/21414456_angle_a06_@2.png",
                                            "largeRetinaUrl": "https://assets.shop.loblaws.ca/products/21414456/b2/en/angle/21414456_angle_a06_@2.png"
                                        },
                                        {
                                            "imageUrl": "https://assets.shop.loblaws.ca/products/21414456/b2/en/side/21414456_side_a06_@2.png",
                                            "smallUrl": "https://assets.shop.loblaws.ca/products/21414456/b1/en/side/21414456_side_a01_@2.png",
                                            "mediumUrl": "https://assets.shop.loblaws.ca/products/21414456/b3/en/side/21414456_side_a06_@2.png",
                                            "largeUrl": "https://assets.shop.loblaws.ca/products/21414456/b2/en/side/21414456_side_a06_@2.png",
                                            "smallRetinaUrl": "https://assets.shop.loblaws.ca/products/21414456/b1/en/side/21414456_side_a01_@2.png",
                                            "mediumRetinaUrl": "https://assets.shop.loblaws.ca/products/21414456/b3/en/side/21414456_side_a06_@2.png",
                                            "largeRetinaUrl": "https://assets.shop.loblaws.ca/products/21414456/b2/en/side/21414456_side_a06_@2.png"
                                        },
                                        {
                                            "imageUrl": "https://assets.shop.loblaws.ca/products/21414456/b2/en/back/21414456_back_a06_@2.png",
                                            "smallUrl": "https://assets.shop.loblaws.ca/products/21414456/b1/en/back/21414456_back_a01_@2.png",
                                            "mediumUrl": "https://assets.shop.loblaws.ca/products/21414456/b3/en/back/21414456_back_a06_@2.png",
                                            "largeUrl": "https://assets.shop.loblaws.ca/products/21414456/b2/en/back/21414456_back_a06_@2.png",
                                            "smallRetinaUrl": "https://assets.shop.loblaws.ca/products/21414456/b1/en/back/21414456_back_a01_@2.png",
                                            "mediumRetinaUrl": "https://assets.shop.loblaws.ca/products/21414456/b3/en/back/21414456_back_a06_@2.png",
                                            "largeRetinaUrl": "https://assets.shop.loblaws.ca/products/21414456/b2/en/back/21414456_back_a06_@2.png"
                                        },
                                        {
                                            "imageUrl": "https://assets.shop.loblaws.ca/products/21414456/b2/en/top/21414456_top_a06_@2.png",
                                            "smallUrl": "https://assets.shop.loblaws.ca/products/21414456/b1/en/top/21414456_top_a01_@2.png",
                                            "mediumUrl": "https://assets.shop.loblaws.ca/products/21414456/b3/en/top/21414456_top_a06_@2.png",
                                            "largeUrl": "https://assets.shop.loblaws.ca/products/21414456/b2/en/top/21414456_top_a06_@2.png",
                                            "smallRetinaUrl": "https://assets.shop.loblaws.ca/products/21414456/b1/en/top/21414456_top_a01_@2.png",
                                            "mediumRetinaUrl": "https://assets.shop.loblaws.ca/products/21414456/b3/en/top/21414456_top_a06_@2.png",
                                            "largeRetinaUrl": "https://assets.shop.loblaws.ca/products/21414456/b2/en/top/21414456_top_a06_@2.png"
                                        },
                                        {
                                            "imageUrl": "https://assets.shop.loblaws.ca/products/21414456/b2/en/open/21414456_open_a06_@2.png",
                                            "smallUrl": "https://assets.shop.loblaws.ca/products/21414456/b1/en/open/21414456_open_a01_@2.png",
                                            "mediumUrl": "https://assets.shop.loblaws.ca/products/21414456/b3/en/open/21414456_open_a06_@2.png",
                                            "largeUrl": "https://assets.shop.loblaws.ca/products/21414456/b2/en/open/21414456_open_a06_@2.png",
                                            "smallRetinaUrl": "https://assets.shop.loblaws.ca/products/21414456/b1/en/open/21414456_open_a01_@2.png",
                                            "mediumRetinaUrl": "https://assets.shop.loblaws.ca/products/21414456/b3/en/open/21414456_open_a06_@2.png",
                                            "largeRetinaUrl": "https://assets.shop.loblaws.ca/products/21414456/b2/en/open/21414456_open_a06_@2.png"
                                        }
                                    ],
                                    "brand": "Taylor Farms",
                                    "title": "Maple Bourbon Bacon Chopped Salad Kit",
                                    "description": "Packed with bold flavors, this salad has delicious smoky bacon and crunchy golden honey almonds with a sweet maple bourbon vinaigrette with crisp romaine lettuce, cabbage, broccoli, green onion, and carrots. For a fun twist try topping your baked sweet potatoes with this salad for a nutrient-packed meal or serve as a crowd-pleasing side dish at your next BBQ. Enjoy!Washed and ready to enjoyReady in less than 3 minutesComplete salad kit including unique toppings & dressing",
                                    "packageSizing": "315 g, $2.22/100g",
                                    "pricing": {
                                        "price": "6.99",
                                        "wasPrice": null,
                                        "displayPrice": "$6.99",
                                        "memberOnlyPrice": null,
                                        "mopDisplayPrice": null
                                    },
                                    "pricingUnits": {
                                        "type": "SOLD_BY_EACH",
                                        "unit": "ea",
                                        "interval": 1,
                                        "minOrderQuantity": 1,
                                        "maxOrderQuantity": 25,
                                        "weighted": false
                                    },
                                    "deal": null,
                                    "mopDeal": null,
                                    "pcoDeal": null,
                                    "inventoryIndicator": null,
                                    "offerType": "OG",
                                    "offerId": "OG",
                                    "action": null,
                                    "isVariant": false,
                                    "link": "/maple-bourbon-bacon-chopped-salad-kit/p/21414456_EA",
                                    "productVendor": null,
                                    "productVariant": null,
                                    "textBadge": "",
                                    "variantTheme": null,
                                    "articleNumber": "21414456",
                                    "uom": "EA",
                                    "sponsoredCreative": null,
                                    "isSponsored": false,
                                    "isComplementarySponsored": false,
                                    "complementarySponsoredBadgeText": null,
                                    "productBadge": null
                                },
                                {
                                    "index": 33,
                                    "productId": "21378038_EA",
                                    "productImage": [
                                        {
                                            "imageUrl": "https://assets.shop.loblaws.ca/products/21378038/b2/en/front/21378038_front_a06_@2.png",
                                            "smallUrl": "https://assets.shop.loblaws.ca/products/21378038/b1/en/front/21378038_front_a01_@2.png",
                                            "mediumUrl": "https://assets.shop.loblaws.ca/products/21378038/b3/en/front/21378038_front_a06_@2.png",
                                            "largeUrl": "https://assets.shop.loblaws.ca/products/21378038/b2/en/front/21378038_front_a06_@2.png",
                                            "smallRetinaUrl": "https://assets.shop.loblaws.ca/products/21378038/b1/en/front/21378038_front_a01_@2.png",
                                            "mediumRetinaUrl": "https://assets.shop.loblaws.ca/products/21378038/b3/en/front/21378038_front_a06_@2.png",
                                            "largeRetinaUrl": "https://assets.shop.loblaws.ca/products/21378038/b2/en/front/21378038_front_a06_@2.png"
                                        }
                                    ],
                                    "brand": "President's Choice",
                                    "title": "Barbecue Ranch Chopped Salad Kit",
                                    "description": null,
                                    "packageSizing": "369 g, $1.89/100g",
                                    "pricing": {
                                        "price": "6.99",
                                        "wasPrice": null,
                                        "displayPrice": "$6.99",
                                        "memberOnlyPrice": null,
                                        "mopDisplayPrice": null
                                    },
                                    "pricingUnits": {
                                        "type": "SOLD_BY_EACH",
                                        "unit": "ea",
                                        "interval": 1,
                                        "minOrderQuantity": 1,
                                        "maxOrderQuantity": 25,
                                        "weighted": false
                                    },
                                    "deal": {
                                        "type": "MULTI",
                                        "text": "$6.00 MIN 2",
                                        "points": 0,
                                        "name": "MULTI",
                                        "expiryDate": "2024-07-10T00:00:00Z",
                                        "dealPrice": null
                                    },
                                    "mopDeal": null,
                                    "pcoDeal": null,
                                    "inventoryIndicator": null,
                                    "offerType": "OG",
                                    "offerId": "OG",
                                    "action": null,
                                    "isVariant": false,
                                    "link": "/barbecue-ranch-chopped-salad-kit/p/21378038_EA",
                                    "productVendor": null,
                                    "productVariant": null,
                                    "textBadge": "",
                                    "variantTheme": null,
                                    "articleNumber": "21378038",
                                    "uom": "EA",
                                    "sponsoredCreative": null,
                                    "isSponsored": false,
                                    "isComplementarySponsored": false,
                                    "complementarySponsoredBadgeText": null,
                                    "productBadge": null
                                },
                                {
                                    "index": 34,
                                    "productId": "21381581_EA",
                                    "productImage": [
                                        {
                                            "imageUrl": "https://assets.shop.loblaws.ca/products/21381581/b2/en/front/21381581_front_a06_@2.png",
                                            "smallUrl": "https://assets.shop.loblaws.ca/products/21381581/b1/en/front/21381581_front_a01_@2.png",
                                            "mediumUrl": "https://assets.shop.loblaws.ca/products/21381581/b3/en/front/21381581_front_a06_@2.png",
                                            "largeUrl": "https://assets.shop.loblaws.ca/products/21381581/b2/en/front/21381581_front_a06_@2.png",
                                            "smallRetinaUrl": "https://assets.shop.loblaws.ca/products/21381581/b1/en/front/21381581_front_a01_@2.png",
                                            "mediumRetinaUrl": "https://assets.shop.loblaws.ca/products/21381581/b3/en/front/21381581_front_a06_@2.png",
                                            "largeRetinaUrl": "https://assets.shop.loblaws.ca/products/21381581/b2/en/front/21381581_front_a06_@2.png"
                                        },
                                        {
                                            "imageUrl": "https://assets.shop.loblaws.ca/products/21381581/b2/en/angle/21381581_angle_a06_@2.png",
                                            "smallUrl": "https://assets.shop.loblaws.ca/products/21381581/b1/en/angle/21381581_angle_a01_@2.png",
                                            "mediumUrl": "https://assets.shop.loblaws.ca/products/21381581/b3/en/angle/21381581_angle_a06_@2.png",
                                            "largeUrl": "https://assets.shop.loblaws.ca/products/21381581/b2/en/angle/21381581_angle_a06_@2.png",
                                            "smallRetinaUrl": "https://assets.shop.loblaws.ca/products/21381581/b1/en/angle/21381581_angle_a01_@2.png",
                                            "mediumRetinaUrl": "https://assets.shop.loblaws.ca/products/21381581/b3/en/angle/21381581_angle_a06_@2.png",
                                            "largeRetinaUrl": "https://assets.shop.loblaws.ca/products/21381581/b2/en/angle/21381581_angle_a06_@2.png"
                                        },
                                        {
                                            "imageUrl": "https://assets.shop.loblaws.ca/products/21381581/b2/en/side/21381581_side_a06_@2.png",
                                            "smallUrl": "https://assets.shop.loblaws.ca/products/21381581/b1/en/side/21381581_side_a01_@2.png",
                                            "mediumUrl": "https://assets.shop.loblaws.ca/products/21381581/b3/en/side/21381581_side_a06_@2.png",
                                            "largeUrl": "https://assets.shop.loblaws.ca/products/21381581/b2/en/side/21381581_side_a06_@2.png",
                                            "smallRetinaUrl": "https://assets.shop.loblaws.ca/products/21381581/b1/en/side/21381581_side_a01_@2.png",
                                            "mediumRetinaUrl": "https://assets.shop.loblaws.ca/products/21381581/b3/en/side/21381581_side_a06_@2.png",
                                            "largeRetinaUrl": "https://assets.shop.loblaws.ca/products/21381581/b2/en/side/21381581_side_a06_@2.png"
                                        },
                                        {
                                            "imageUrl": "https://assets.shop.loblaws.ca/products/21381581/b2/en/back/21381581_back_a06_@2.png",
                                            "smallUrl": "https://assets.shop.loblaws.ca/products/21381581/b1/en/back/21381581_back_a01_@2.png",
                                            "mediumUrl": "https://assets.shop.loblaws.ca/products/21381581/b3/en/back/21381581_back_a06_@2.png",
                                            "largeUrl": "https://assets.shop.loblaws.ca/products/21381581/b2/en/back/21381581_back_a06_@2.png",
                                            "smallRetinaUrl": "https://assets.shop.loblaws.ca/products/21381581/b1/en/back/21381581_back_a01_@2.png",
                                            "mediumRetinaUrl": "https://assets.shop.loblaws.ca/products/21381581/b3/en/back/21381581_back_a06_@2.png",
                                            "largeRetinaUrl": "https://assets.shop.loblaws.ca/products/21381581/b2/en/back/21381581_back_a06_@2.png"
                                        },
                                        {
                                            "imageUrl": "https://assets.shop.loblaws.ca/products/21381581/b2/en/top/21381581_top_a06_@2.png",
                                            "smallUrl": "https://assets.shop.loblaws.ca/products/21381581/b1/en/top/21381581_top_a01_@2.png",
                                            "mediumUrl": "https://assets.shop.loblaws.ca/products/21381581/b3/en/top/21381581_top_a06_@2.png",
                                            "largeUrl": "https://assets.shop.loblaws.ca/products/21381581/b2/en/top/21381581_top_a06_@2.png",
                                            "smallRetinaUrl": "https://assets.shop.loblaws.ca/products/21381581/b1/en/top/21381581_top_a01_@2.png",
                                            "mediumRetinaUrl": "https://assets.shop.loblaws.ca/products/21381581/b3/en/top/21381581_top_a06_@2.png",
                                            "largeRetinaUrl": "https://assets.shop.loblaws.ca/products/21381581/b2/en/top/21381581_top_a06_@2.png"
                                        },
                                        {
                                            "imageUrl": "https://assets.shop.loblaws.ca/products/21381581/b2/en/open/21381581_open_a06_@2.png",
                                            "smallUrl": "https://assets.shop.loblaws.ca/products/21381581/b1/en/open/21381581_open_a01_@2.png",
                                            "mediumUrl": "https://assets.shop.loblaws.ca/products/21381581/b3/en/open/21381581_open_a06_@2.png",
                                            "largeUrl": "https://assets.shop.loblaws.ca/products/21381581/b2/en/open/21381581_open_a06_@2.png",
                                            "smallRetinaUrl": "https://assets.shop.loblaws.ca/products/21381581/b1/en/open/21381581_open_a01_@2.png",
                                            "mediumRetinaUrl": "https://assets.shop.loblaws.ca/products/21381581/b3/en/open/21381581_open_a06_@2.png",
                                            "largeRetinaUrl": "https://assets.shop.loblaws.ca/products/21381581/b2/en/open/21381581_open_a06_@2.png"
                                        }
                                    ],
                                    "brand": "Taylor Farms",
                                    "title": "Guacamole Crunch Chopped Salad Kit",
                                    "description": "A fun TWIST on crowd-pleasing appetizers \u2014 crunchy CHILI LIME tortilla chips, real GUACAMOLE and ZESTY SALSA picante dressing layer on the flavor in one DELICIOUS salad. Combined with green leaf lettuce, shredded broccoli, red & savoy cabbage, carrots, and green onion, this chopped salad kit is a FLAVOR ADVENTURE in every bite! OL\u00c9! Try topping with GRILLED carne asada or marinated chicken and sour cream for an \u201cinside out\u201d taco night made EASY!Washed and ready to enjoyReady in less than 3 minutesComplete protein salad kit including unique toppings & dressingIncludes real Guacamole",
                                    "packageSizing": "319 g, $2.19/100g",
                                    "pricing": {
                                        "price": "6.99",
                                        "wasPrice": null,
                                        "displayPrice": "$6.99",
                                        "memberOnlyPrice": null,
                                        "mopDisplayPrice": null
                                    },
                                    "pricingUnits": {
                                        "type": "SOLD_BY_EACH",
                                        "unit": "ea",
                                        "interval": 1,
                                        "minOrderQuantity": 1,
                                        "maxOrderQuantity": 25,
                                        "weighted": false
                                    },
                                    "deal": null,
                                    "mopDeal": null,
                                    "pcoDeal": null,
                                    "inventoryIndicator": null,
                                    "offerType": "OG",
                                    "offerId": "OG",
                                    "action": null,
                                    "isVariant": false,
                                    "link": "/guacamole-crunch-chopped-salad-kit/p/21381581_EA",
                                    "productVendor": null,
                                    "productVariant": null,
                                    "textBadge": "",
                                    "variantTheme": null,
                                    "articleNumber": "21381581",
                                    "uom": "EA",
                                    "sponsoredCreative": null,
                                    "isSponsored": false,
                                    "isComplementarySponsored": false,
                                    "complementarySponsoredBadgeText": null,
                                    "productBadge": null
                                },
                                {
                                    "index": 35,
                                    "productId": "20961110_EA",
                                    "productImage": [
                                        {
                                            "imageUrl": "https://assets.shop.loblaws.ca/products/20961110/b2/en/front/20961110_front_a06_@2.png",
                                            "smallUrl": "https://assets.shop.loblaws.ca/products/20961110/b1/en/front/20961110_front_a01_@2.png",
                                            "mediumUrl": "https://assets.shop.loblaws.ca/products/20961110/b3/en/front/20961110_front_a06_@2.png",
                                            "largeUrl": "https://assets.shop.loblaws.ca/products/20961110/b2/en/front/20961110_front_a06_@2.png",
                                            "smallRetinaUrl": "https://assets.shop.loblaws.ca/products/20961110/b1/en/front/20961110_front_a01_@2.png",
                                            "mediumRetinaUrl": "https://assets.shop.loblaws.ca/products/20961110/b3/en/front/20961110_front_a06_@2.png",
                                            "largeRetinaUrl": "https://assets.shop.loblaws.ca/products/20961110/b2/en/front/20961110_front_a06_@2.png"
                                        }
                                    ],
                                    "brand": "President's Choice",
                                    "title": "Broccoli Slaw",
                                    "description": "Fresh cut and ready to eat, this colourful slaw mix is a pleasantly crisp blend of shredded broccoli, carrots and red cabbage.\u00a0Quick and easy to toss with dressing or vinaigrette for salads, it also makes a great side for chicken and other mains. Add it to stir-fries and saut\u00e9s, or enjoy it as a fresh topping for baked potatoes and pulled pork sandwiches.",
                                    "packageSizing": "340 g, $1.32/100g",
                                    "pricing": {
                                        "price": "4.49",
                                        "wasPrice": null,
                                        "displayPrice": "$4.49",
                                        "memberOnlyPrice": null,
                                        "mopDisplayPrice": null
                                    },
                                    "pricingUnits": {
                                        "type": "SOLD_BY_EACH",
                                        "unit": "ea",
                                        "interval": 1,
                                        "minOrderQuantity": 1,
                                        "maxOrderQuantity": 25,
                                        "weighted": false
                                    },
                                    "deal": null,
                                    "mopDeal": null,
                                    "pcoDeal": null,
                                    "inventoryIndicator": null,
                                    "offerType": "OG",
                                    "offerId": "OG",
                                    "action": null,
                                    "isVariant": false,
                                    "link": "/broccoli-slaw/p/20961110_EA",
                                    "productVendor": null,
                                    "productVariant": null,
                                    "textBadge": "",
                                    "variantTheme": null,
                                    "articleNumber": "20961110",
                                    "uom": "EA",
                                    "sponsoredCreative": null,
                                    "isSponsored": false,
                                    "isComplementarySponsored": false,
                                    "complementarySponsoredBadgeText": null,
                                    "productBadge": null
                                },
                                {
                                    "index": 36,
                                    "productId": "21381577_EA",
                                    "productImage": [
                                        {
                                            "imageUrl": "https://assets.shop.loblaws.ca/products/21381577/b2/en/front/21381577_front_a06_@2.png",
                                            "smallUrl": "https://assets.shop.loblaws.ca/products/21381577/b1/en/front/21381577_front_a01_@2.png",
                                            "mediumUrl": "https://assets.shop.loblaws.ca/products/21381577/b3/en/front/21381577_front_a06_@2.png",
                                            "largeUrl": "https://assets.shop.loblaws.ca/products/21381577/b2/en/front/21381577_front_a06_@2.png",
                                            "smallRetinaUrl": "https://assets.shop.loblaws.ca/products/21381577/b1/en/front/21381577_front_a01_@2.png",
                                            "mediumRetinaUrl": "https://assets.shop.loblaws.ca/products/21381577/b3/en/front/21381577_front_a06_@2.png",
                                            "largeRetinaUrl": "https://assets.shop.loblaws.ca/products/21381577/b2/en/front/21381577_front_a06_@2.png"
                                        },
                                        {
                                            "imageUrl": "https://assets.shop.loblaws.ca/products/21381577/b2/en/angle/21381577_angle_a06_@2.png",
                                            "smallUrl": "https://assets.shop.loblaws.ca/products/21381577/b1/en/angle/21381577_angle_a01_@2.png",
                                            "mediumUrl": "https://assets.shop.loblaws.ca/products/21381577/b3/en/angle/21381577_angle_a06_@2.png",
                                            "largeUrl": "https://assets.shop.loblaws.ca/products/21381577/b2/en/angle/21381577_angle_a06_@2.png",
                                            "smallRetinaUrl": "https://assets.shop.loblaws.ca/products/21381577/b1/en/angle/21381577_angle_a01_@2.png",
                                            "mediumRetinaUrl": "https://assets.shop.loblaws.ca/products/21381577/b3/en/angle/21381577_angle_a06_@2.png",
                                            "largeRetinaUrl": "https://assets.shop.loblaws.ca/products/21381577/b2/en/angle/21381577_angle_a06_@2.png"
                                        },
                                        {
                                            "imageUrl": "https://assets.shop.loblaws.ca/products/21381577/b2/en/side/21381577_side_a06_@2.png",
                                            "smallUrl": "https://assets.shop.loblaws.ca/products/21381577/b1/en/side/21381577_side_a01_@2.png",
                                            "mediumUrl": "https://assets.shop.loblaws.ca/products/21381577/b3/en/side/21381577_side_a06_@2.png",
                                            "largeUrl": "https://assets.shop.loblaws.ca/products/21381577/b2/en/side/21381577_side_a06_@2.png",
                                            "smallRetinaUrl": "https://assets.shop.loblaws.ca/products/21381577/b1/en/side/21381577_side_a01_@2.png",
                                            "mediumRetinaUrl": "https://assets.shop.loblaws.ca/products/21381577/b3/en/side/21381577_side_a06_@2.png",
                                            "largeRetinaUrl": "https://assets.shop.loblaws.ca/products/21381577/b2/en/side/21381577_side_a06_@2.png"
                                        },
                                        {
                                            "imageUrl": "https://assets.shop.loblaws.ca/products/21381577/b2/en/back/21381577_back_a06_@2.png",
                                            "smallUrl": "https://assets.shop.loblaws.ca/products/21381577/b1/en/back/21381577_back_a01_@2.png",
                                            "mediumUrl": "https://assets.shop.loblaws.ca/products/21381577/b3/en/back/21381577_back_a06_@2.png",
                                            "largeUrl": "https://assets.shop.loblaws.ca/products/21381577/b2/en/back/21381577_back_a06_@2.png",
                                            "smallRetinaUrl": "https://assets.shop.loblaws.ca/products/21381577/b1/en/back/21381577_back_a01_@2.png",
                                            "mediumRetinaUrl": "https://assets.shop.loblaws.ca/products/21381577/b3/en/back/21381577_back_a06_@2.png",
                                            "largeRetinaUrl": "https://assets.shop.loblaws.ca/products/21381577/b2/en/back/21381577_back_a06_@2.png"
                                        },
                                        {
                                            "imageUrl": "https://assets.shop.loblaws.ca/products/21381577/b2/en/top/21381577_top_a06_@2.png",
                                            "smallUrl": "https://assets.shop.loblaws.ca/products/21381577/b1/en/top/21381577_top_a01_@2.png",
                                            "mediumUrl": "https://assets.shop.loblaws.ca/products/21381577/b3/en/top/21381577_top_a06_@2.png",
                                            "largeUrl": "https://assets.shop.loblaws.ca/products/21381577/b2/en/top/21381577_top_a06_@2.png",
                                            "smallRetinaUrl": "https://assets.shop.loblaws.ca/products/21381577/b1/en/top/21381577_top_a01_@2.png",
                                            "mediumRetinaUrl": "https://assets.shop.loblaws.ca/products/21381577/b3/en/top/21381577_top_a06_@2.png",
                                            "largeRetinaUrl": "https://assets.shop.loblaws.ca/products/21381577/b2/en/top/21381577_top_a06_@2.png"
                                        },
                                        {
                                            "imageUrl": "https://assets.shop.loblaws.ca/products/21381577/b2/en/open/21381577_open_a06_@2.png",
                                            "smallUrl": "https://assets.shop.loblaws.ca/products/21381577/b1/en/open/21381577_open_a01_@2.png",
                                            "mediumUrl": "https://assets.shop.loblaws.ca/products/21381577/b3/en/open/21381577_open_a06_@2.png",
                                            "largeUrl": "https://assets.shop.loblaws.ca/products/21381577/b2/en/open/21381577_open_a06_@2.png",
                                            "smallRetinaUrl": "https://assets.shop.loblaws.ca/products/21381577/b1/en/open/21381577_open_a01_@2.png",
                                            "mediumRetinaUrl": "https://assets.shop.loblaws.ca/products/21381577/b3/en/open/21381577_open_a06_@2.png",
                                            "largeRetinaUrl": "https://assets.shop.loblaws.ca/products/21381577/b2/en/open/21381577_open_a06_@2.png"
                                        }
                                    ],
                                    "brand": "Taylor Farms",
                                    "title": "Thai Chili Mango Chopped Salad Kit",
                                    "description": "This salad combines a fun cruciferous base with just a hint of spice and a touch of sweetness to round out the flavor. It is packed with vibrant veggies such as cauliflower, Brussels sprouts, broccoli, radicchio, green cabbage and , kale, and topped with sunflower seeds, dried mango, crispy toasted quinoa and an exquisite Zesty Thai Sweet Chili Vinaigrette. It pairs perfectly with grilled chicken, tofu or shrimp!Ready in less than 3 minutesWashed and ready to enjoyHigh in Vitamin K, A and CSpicy flavor with unique toppings and dressing",
                                    "packageSizing": "319 g, $2.19/100g",
                                    "pricing": {
                                        "price": "6.99",
                                        "wasPrice": null,
                                        "displayPrice": "$6.99",
                                        "memberOnlyPrice": null,
                                        "mopDisplayPrice": null
                                    },
                                    "pricingUnits": {
                                        "type": "SOLD_BY_EACH",
                                        "unit": "ea",
                                        "interval": 1,
                                        "minOrderQuantity": 1,
                                        "maxOrderQuantity": 25,
                                        "weighted": false
                                    },
                                    "deal": null,
                                    "mopDeal": null,
                                    "pcoDeal": null,
                                    "inventoryIndicator": {
                                        "indicatorId": "OUT",
                                        "text": "Out of Stock"
                                    },
                                    "offerType": "OG",
                                    "offerId": "OG",
                                    "action": null,
                                    "isVariant": false,
                                    "link": "/thai-chili-mango-chopped-salad-kit/p/21381577_EA",
                                    "productVendor": null,
                                    "productVariant": null,
                                    "textBadge": "out-of-stock",
                                    "variantTheme": null,
                                    "articleNumber": "21381577",
                                    "uom": "EA",
                                    "sponsoredCreative": null,
                                    "isSponsored": false,
                                    "isComplementarySponsored": false,
                                    "complementarySponsoredBadgeText": null,
                                    "productBadge": null
                                },
                                {
                                    "index": 37,
                                    "productId": "21378122_EA",
                                    "productImage": [
                                        {
                                            "imageUrl": "https://assets.shop.loblaws.ca/products/21378122/b2/en/front/21378122_front_a06_@2.png",
                                            "smallUrl": "https://assets.shop.loblaws.ca/products/21378122/b1/en/front/21378122_front_a01_@2.png",
                                            "mediumUrl": "https://assets.shop.loblaws.ca/products/21378122/b3/en/front/21378122_front_a06_@2.png",
                                            "largeUrl": "https://assets.shop.loblaws.ca/products/21378122/b2/en/front/21378122_front_a06_@2.png",
                                            "smallRetinaUrl": "https://assets.shop.loblaws.ca/products/21378122/b1/en/front/21378122_front_a01_@2.png",
                                            "mediumRetinaUrl": "https://assets.shop.loblaws.ca/products/21378122/b3/en/front/21378122_front_a06_@2.png",
                                            "largeRetinaUrl": "https://assets.shop.loblaws.ca/products/21378122/b2/en/front/21378122_front_a06_@2.png"
                                        }
                                    ],
                                    "brand": "President's Choice",
                                    "title": "Loads Of Garlic Caesar Salad Kit",
                                    "description": "  Romaine lettuce,  dressing, croutons, parmesan & romano cheeses, garlic pepper  seasoning<br>    <br>    With PC\u00ae Loads of Garlic Caesar Dressing<br>    <br>    Thoroughly washed<br>    <br>    No artificial flavours or synthetic colours\u2021<br>    \u2021As defined in Canadian regulations.<br>    <br>    An extra garlicky take on the classic Caesar salad and so easy to make -  with crisp romaine lettuce, PC\u00ae Loads of Garlic Caesar Dressing, croutons,  parmesan and romano cheeses, and garlic pepper seasoning.",
                                    "packageSizing": "319 g, $2.19/100g",
                                    "pricing": {
                                        "price": "6.99",
                                        "wasPrice": null,
                                        "displayPrice": "$6.99",
                                        "memberOnlyPrice": null,
                                        "mopDisplayPrice": null
                                    },
                                    "pricingUnits": {
                                        "type": "SOLD_BY_EACH",
                                        "unit": "ea",
                                        "interval": 1,
                                        "minOrderQuantity": 1,
                                        "maxOrderQuantity": 25,
                                        "weighted": false
                                    },
                                    "deal": {
                                        "type": "MULTI",
                                        "text": "$6.00 MIN 2",
                                        "points": 0,
                                        "name": "MULTI",
                                        "expiryDate": "2024-07-10T00:00:00Z",
                                        "dealPrice": null
                                    },
                                    "mopDeal": null,
                                    "pcoDeal": null,
                                    "inventoryIndicator": null,
                                    "offerType": "OG",
                                    "offerId": "OG",
                                    "action": null,
                                    "isVariant": false,
                                    "link": "/loads-of-garlic-caesar-salad-kit/p/21378122_EA",
                                    "productVendor": null,
                                    "productVariant": null,
                                    "textBadge": "",
                                    "variantTheme": null,
                                    "articleNumber": "21378122",
                                    "uom": "EA",
                                    "sponsoredCreative": null,
                                    "isSponsored": false,
                                    "isComplementarySponsored": false,
                                    "complementarySponsoredBadgeText": null,
                                    "productBadge": null
                                },
                                {
                                    "index": 38,
                                    "productId": "20322970_EA",
                                    "productImage": [
                                        {
                                            "imageUrl": "https://assets.shop.loblaws.ca/products/20322970/b2/en/front/20322970_front_a06_@2.png",
                                            "smallUrl": "https://assets.shop.loblaws.ca/products/20322970/b1/en/front/20322970_front_a01_@2.png",
                                            "mediumUrl": "https://assets.shop.loblaws.ca/products/20322970/b3/en/front/20322970_front_a06_@2.png",
                                            "largeUrl": "https://assets.shop.loblaws.ca/products/20322970/b2/en/front/20322970_front_a06_@2.png",
                                            "smallRetinaUrl": "https://assets.shop.loblaws.ca/products/20322970/b1/en/front/20322970_front_a01_@2.png",
                                            "mediumRetinaUrl": "https://assets.shop.loblaws.ca/products/20322970/b3/en/front/20322970_front_a06_@2.png",
                                            "largeRetinaUrl": "https://assets.shop.loblaws.ca/products/20322970/b2/en/front/20322970_front_a06_@2.png"
                                        }
                                    ],
                                    "brand": "Marzetti",
                                    "title": "Veggie Dip, Ranch",
                                    "description": "Since 1896",
                                    "packageSizing": "340 g, $1.76/100g",
                                    "pricing": {
                                        "price": "5.99",
                                        "wasPrice": null,
                                        "displayPrice": "$5.99",
                                        "memberOnlyPrice": null,
                                        "mopDisplayPrice": null
                                    },
                                    "pricingUnits": {
                                        "type": "SOLD_BY_EACH",
                                        "unit": "ea",
                                        "interval": 1,
                                        "minOrderQuantity": 1,
                                        "maxOrderQuantity": 25,
                                        "weighted": false
                                    },
                                    "deal": null,
                                    "mopDeal": null,
                                    "pcoDeal": null,
                                    "inventoryIndicator": null,
                                    "offerType": "OG",
                                    "offerId": "OG",
                                    "action": null,
                                    "isVariant": false,
                                    "link": "/veggie-dip-ranch/p/20322970_EA",
                                    "productVendor": null,
                                    "productVariant": null,
                                    "textBadge": "",
                                    "variantTheme": null,
                                    "articleNumber": "20322970",
                                    "uom": "EA",
                                    "sponsoredCreative": null,
                                    "isSponsored": false,
                                    "isComplementarySponsored": false,
                                    "complementarySponsoredBadgeText": null,
                                    "productBadge": null
                                },
                                {
                                    "index": 39,
                                    "productId": "21378031_EA",
                                    "productImage": [
                                        {
                                            "imageUrl": "https://assets.shop.loblaws.ca/products/21378031/b2/en/front/21378031_front_a06_@2.png",
                                            "smallUrl": "https://assets.shop.loblaws.ca/products/21378031/b1/en/front/21378031_front_a01_@2.png",
                                            "mediumUrl": "https://assets.shop.loblaws.ca/products/21378031/b3/en/front/21378031_front_a06_@2.png",
                                            "largeUrl": "https://assets.shop.loblaws.ca/products/21378031/b2/en/front/21378031_front_a06_@2.png",
                                            "smallRetinaUrl": "https://assets.shop.loblaws.ca/products/21378031/b1/en/front/21378031_front_a01_@2.png",
                                            "mediumRetinaUrl": "https://assets.shop.loblaws.ca/products/21378031/b3/en/front/21378031_front_a06_@2.png",
                                            "largeRetinaUrl": "https://assets.shop.loblaws.ca/products/21378031/b2/en/front/21378031_front_a06_@2.png"
                                        }
                                    ],
                                    "brand": "President's Choice",
                                    "title": "Avocado Ranch Chopped Salad Kit",
                                    "description": null,
                                    "packageSizing": "347 g, $2.01/100g",
                                    "pricing": {
                                        "price": "6.99",
                                        "wasPrice": null,
                                        "displayPrice": "$6.99",
                                        "memberOnlyPrice": null,
                                        "mopDisplayPrice": null
                                    },
                                    "pricingUnits": {
                                        "type": "SOLD_BY_EACH",
                                        "unit": "ea",
                                        "interval": 1,
                                        "minOrderQuantity": 1,
                                        "maxOrderQuantity": 25,
                                        "weighted": false
                                    },
                                    "deal": {
                                        "type": "MULTI",
                                        "text": "$6.00 MIN 2",
                                        "points": 0,
                                        "name": "MULTI",
                                        "expiryDate": "2024-07-10T00:00:00Z",
                                        "dealPrice": null
                                    },
                                    "mopDeal": null,
                                    "pcoDeal": null,
                                    "inventoryIndicator": null,
                                    "offerType": "OG",
                                    "offerId": "OG",
                                    "action": null,
                                    "isVariant": false,
                                    "link": "/avocado-ranch-chopped-salad-kit/p/21378031_EA",
                                    "productVendor": null,
                                    "productVariant": null,
                                    "textBadge": "",
                                    "variantTheme": null,
                                    "articleNumber": "21378031",
                                    "uom": "EA",
                                    "sponsoredCreative": null,
                                    "isSponsored": false,
                                    "isComplementarySponsored": false,
                                    "complementarySponsoredBadgeText": null,
                                    "productBadge": null
                                },
                                {
                                    "index": 40,
                                    "productId": "21333977_EA",
                                    "productImage": [
                                        {
                                            "imageUrl": "https://assets.shop.loblaws.ca/products/21333977/b2/en/front/21333977_front_a06_@2.png",
                                            "smallUrl": "https://assets.shop.loblaws.ca/products/21333977/b1/en/front/21333977_front_a01_@2.png",
                                            "mediumUrl": "https://assets.shop.loblaws.ca/products/21333977/b3/en/front/21333977_front_a06_@2.png",
                                            "largeUrl": "https://assets.shop.loblaws.ca/products/21333977/b2/en/front/21333977_front_a06_@2.png",
                                            "smallRetinaUrl": "https://assets.shop.loblaws.ca/products/21333977/b1/en/front/21333977_front_a01_@2.png",
                                            "mediumRetinaUrl": "https://assets.shop.loblaws.ca/products/21333977/b3/en/front/21333977_front_a06_@2.png",
                                            "largeRetinaUrl": "https://assets.shop.loblaws.ca/products/21333977/b2/en/front/21333977_front_a06_@2.png"
                                        }
                                    ],
                                    "brand": "PC Blue Menu",
                                    "title": "Caesar Salad Kit",
                                    "description": "Dinner\u2019s almost ready and you\u2019ve left the Caesar salad to the last minute because you can. You\u2019re smart enough to have a prewashed salad kit chilling in the fridge. What's even more brilliant is that it has 50% less fat than a regular PC Caesar Kit. You\u2019ll just empty it into a bowl, give it a couple of expert tosses, then down a forkful of crisp romaine and herbed croutons covered in a creamy Caesar dressing. How easy was that?",
                                    "packageSizing": "282 g, $2.29/100g",
                                    "pricing": {
                                        "price": "6.49",
                                        "wasPrice": null,
                                        "displayPrice": "$6.49",
                                        "memberOnlyPrice": null,
                                        "mopDisplayPrice": null
                                    },
                                    "pricingUnits": {
                                        "type": "SOLD_BY_EACH",
                                        "unit": "ea",
                                        "interval": 1,
                                        "minOrderQuantity": 1,
                                        "maxOrderQuantity": 25,
                                        "weighted": false
                                    },
                                    "deal": null,
                                    "mopDeal": null,
                                    "pcoDeal": null,
                                    "inventoryIndicator": null,
                                    "offerType": "OG",
                                    "offerId": "OG",
                                    "action": null,
                                    "isVariant": false,
                                    "link": "/caesar-salad-kit/p/21333977_EA",
                                    "productVendor": null,
                                    "productVariant": null,
                                    "textBadge": "",
                                    "variantTheme": null,
                                    "articleNumber": "21333977",
                                    "uom": "EA",
                                    "sponsoredCreative": null,
                                    "isSponsored": false,
                                    "isComplementarySponsored": false,
                                    "complementarySponsoredBadgeText": null,
                                    "productBadge": null
                                },
                                {
                                    "index": 41,
                                    "productId": "20960988_EA",
                                    "productImage": [
                                        {
                                            "imageUrl": "https://assets.shop.loblaws.ca/products/20960988/b2/en/front/20960988_front_a06_@2.png",
                                            "smallUrl": "https://assets.shop.loblaws.ca/products/20960988/b1/en/front/20960988_front_a01_@2.png",
                                            "mediumUrl": "https://assets.shop.loblaws.ca/products/20960988/b3/en/front/20960988_front_a06_@2.png",
                                            "largeUrl": "https://assets.shop.loblaws.ca/products/20960988/b2/en/front/20960988_front_a06_@2.png",
                                            "smallRetinaUrl": "https://assets.shop.loblaws.ca/products/20960988/b1/en/front/20960988_front_a01_@2.png",
                                            "mediumRetinaUrl": "https://assets.shop.loblaws.ca/products/20960988/b3/en/front/20960988_front_a06_@2.png",
                                            "largeRetinaUrl": "https://assets.shop.loblaws.ca/products/20960988/b2/en/front/20960988_front_a06_@2.png"
                                        }
                                    ],
                                    "brand": "President's Choice",
                                    "title": "Kale Slaw",
                                    "description": "Featuring shredded kale, this fresh and vibrant slaw mix is tossed and conveniently packaged with shredded green and red cabbage, broccoli, cauliflower and Brussels sprouts. All the prep work is already taken care of \u2013 simply toss with dressing or vinaigrette in salads and slaws, or use in stir-fries and saut\u00e9s.",
                                    "packageSizing": "340 g, $1.32/100g",
                                    "pricing": {
                                        "price": "4.49",
                                        "wasPrice": null,
                                        "displayPrice": "$4.49",
                                        "memberOnlyPrice": null,
                                        "mopDisplayPrice": null
                                    },
                                    "pricingUnits": {
                                        "type": "SOLD_BY_EACH",
                                        "unit": "ea",
                                        "interval": 1,
                                        "minOrderQuantity": 1,
                                        "maxOrderQuantity": 25,
                                        "weighted": false
                                    },
                                    "deal": null,
                                    "mopDeal": null,
                                    "pcoDeal": null,
                                    "inventoryIndicator": null,
                                    "offerType": "OG",
                                    "offerId": "OG",
                                    "action": null,
                                    "isVariant": false,
                                    "link": "/kale-slaw/p/20960988_EA",
                                    "productVendor": null,
                                    "productVariant": null,
                                    "textBadge": "",
                                    "variantTheme": null,
                                    "articleNumber": "20960988",
                                    "uom": "EA",
                                    "sponsoredCreative": null,
                                    "isSponsored": false,
                                    "isComplementarySponsored": false,
                                    "complementarySponsoredBadgeText": null,
                                    "productBadge": null
                                },
                                {
                                    "index": 42,
                                    "productId": "20972499_EA",
                                    "productImage": [
                                        {
                                            "imageUrl": "https://assets.shop.loblaws.ca/products/20972499/b2/en/front/20972499_front_a06_@2.png",
                                            "smallUrl": "https://assets.shop.loblaws.ca/products/20972499/b1/en/front/20972499_front_a01_@2.png",
                                            "mediumUrl": "https://assets.shop.loblaws.ca/products/20972499/b3/en/front/20972499_front_a06_@2.png",
                                            "largeUrl": "https://assets.shop.loblaws.ca/products/20972499/b2/en/front/20972499_front_a06_@2.png",
                                            "smallRetinaUrl": "https://assets.shop.loblaws.ca/products/20972499/b1/en/front/20972499_front_a01_@2.png",
                                            "mediumRetinaUrl": "https://assets.shop.loblaws.ca/products/20972499/b3/en/front/20972499_front_a06_@2.png",
                                            "largeRetinaUrl": "https://assets.shop.loblaws.ca/products/20972499/b2/en/front/20972499_front_a06_@2.png"
                                        },
                                        {
                                            "imageUrl": "https://assets.shop.loblaws.ca/products/20972499/b2/en/angle/20972499_angle_a06_@2.png",
                                            "smallUrl": "https://assets.shop.loblaws.ca/products/20972499/b1/en/angle/20972499_angle_a01_@2.png",
                                            "mediumUrl": "https://assets.shop.loblaws.ca/products/20972499/b3/en/angle/20972499_angle_a06_@2.png",
                                            "largeUrl": "https://assets.shop.loblaws.ca/products/20972499/b2/en/angle/20972499_angle_a06_@2.png",
                                            "smallRetinaUrl": "https://assets.shop.loblaws.ca/products/20972499/b1/en/angle/20972499_angle_a01_@2.png",
                                            "mediumRetinaUrl": "https://assets.shop.loblaws.ca/products/20972499/b3/en/angle/20972499_angle_a06_@2.png",
                                            "largeRetinaUrl": "https://assets.shop.loblaws.ca/products/20972499/b2/en/angle/20972499_angle_a06_@2.png"
                                        }
                                    ],
                                    "brand": null,
                                    "title": "Caesar Salad Family Size",
                                    "description": "<p>Allergen Alert : We cannot guarantee that any items have not come into contact with Peanuts, Tree nuts, Milk, Fish, Crustacean, Shellfish, Egg, Soy, Sesame, Wheat Mustard, Sulphites.</p>",
                                    "packageSizing": "785 g, $2.30/100g",
                                    "pricing": {
                                        "price": "17.00",
                                        "wasPrice": null,
                                        "displayPrice": "$17.00",
                                        "memberOnlyPrice": null,
                                        "mopDisplayPrice": null
                                    },
                                    "pricingUnits": {
                                        "type": "SOLD_BY_EACH",
                                        "unit": "ea",
                                        "interval": 1,
                                        "minOrderQuantity": 1,
                                        "maxOrderQuantity": 25,
                                        "weighted": false
                                    },
                                    "deal": null,
                                    "mopDeal": null,
                                    "pcoDeal": null,
                                    "inventoryIndicator": null,
                                    "offerType": "OG",
                                    "offerId": "OG",
                                    "action": null,
                                    "isVariant": false,
                                    "link": "/caesar-salad-family-size/p/20972499_EA",
                                    "productVendor": null,
                                    "productVariant": null,
                                    "textBadge": "",
                                    "variantTheme": null,
                                    "articleNumber": "20972499",
                                    "uom": "EA",
                                    "sponsoredCreative": null,
                                    "isSponsored": false,
                                    "isComplementarySponsored": false,
                                    "complementarySponsoredBadgeText": null,
                                    "productBadge": null
                                },
                                {
                                    "index": 43,
                                    "productId": "21020913_EA",
                                    "productImage": [
                                        {
                                            "imageUrl": "https://assets.shop.loblaws.ca/products/21020913/b2/en/front/21020913_front_a06_@2.png",
                                            "smallUrl": "https://assets.shop.loblaws.ca/products/21020913/b1/en/front/21020913_front_a01_@2.png",
                                            "mediumUrl": "https://assets.shop.loblaws.ca/products/21020913/b3/en/front/21020913_front_a06_@2.png",
                                            "largeUrl": "https://assets.shop.loblaws.ca/products/21020913/b2/en/front/21020913_front_a06_@2.png",
                                            "smallRetinaUrl": "https://assets.shop.loblaws.ca/products/21020913/b1/en/front/21020913_front_a01_@2.png",
                                            "mediumRetinaUrl": "https://assets.shop.loblaws.ca/products/21020913/b3/en/front/21020913_front_a06_@2.png",
                                            "largeRetinaUrl": "https://assets.shop.loblaws.ca/products/21020913/b2/en/front/21020913_front_a06_@2.png"
                                        },
                                        {
                                            "imageUrl": "https://assets.shop.loblaws.ca/products/21020913/b2/en/angle/21020913_angle_a06_@2.png",
                                            "smallUrl": "https://assets.shop.loblaws.ca/products/21020913/b1/en/angle/21020913_angle_a01_@2.png",
                                            "mediumUrl": "https://assets.shop.loblaws.ca/products/21020913/b3/en/angle/21020913_angle_a06_@2.png",
                                            "largeUrl": "https://assets.shop.loblaws.ca/products/21020913/b2/en/angle/21020913_angle_a06_@2.png",
                                            "smallRetinaUrl": "https://assets.shop.loblaws.ca/products/21020913/b1/en/angle/21020913_angle_a01_@2.png",
                                            "mediumRetinaUrl": "https://assets.shop.loblaws.ca/products/21020913/b3/en/angle/21020913_angle_a06_@2.png",
                                            "largeRetinaUrl": "https://assets.shop.loblaws.ca/products/21020913/b2/en/angle/21020913_angle_a06_@2.png"
                                        },
                                        {
                                            "imageUrl": "https://assets.shop.loblaws.ca/products/21020913/b2/en/side/21020913_side_a06_@2.png",
                                            "smallUrl": "https://assets.shop.loblaws.ca/products/21020913/b1/en/side/21020913_side_a01_@2.png",
                                            "mediumUrl": "https://assets.shop.loblaws.ca/products/21020913/b3/en/side/21020913_side_a06_@2.png",
                                            "largeUrl": "https://assets.shop.loblaws.ca/products/21020913/b2/en/side/21020913_side_a06_@2.png",
                                            "smallRetinaUrl": "https://assets.shop.loblaws.ca/products/21020913/b1/en/side/21020913_side_a01_@2.png",
                                            "mediumRetinaUrl": "https://assets.shop.loblaws.ca/products/21020913/b3/en/side/21020913_side_a06_@2.png",
                                            "largeRetinaUrl": "https://assets.shop.loblaws.ca/products/21020913/b2/en/side/21020913_side_a06_@2.png"
                                        }
                                    ],
                                    "brand": "PC Organics",
                                    "title": "Arugula & Baby Spinach Salad Mix",
                                    "description": "Because good things happen when arugula and baby spinach meet, our\u00a0tender\u00a0greens duo\u00a0is here to broaden your salad-making horizons. It\u2019s an organically grown,\u00a0trimmed and washed selection of leaves, and is ready to\u00a0simplify\u00a0mealtime, from breakfast to dinner. Sprinkle\u00a0on pizza and\u00a0in\u00a0pasta. Wilt with poached eggs and sandwich in wraps and burgers. Use\u00a0by the fistful in\u00a0lunchbox salads and as the mildly peppery base for your signature dinner salads.\u00a0How many options is too many? That\u2019s up to\u00a0you.\u00a0\u00a0",
                                    "packageSizing": "142 g, $3.52/100g",
                                    "pricing": {
                                        "price": "5.00",
                                        "wasPrice": null,
                                        "displayPrice": "$5.00",
                                        "memberOnlyPrice": null,
                                        "mopDisplayPrice": null
                                    },
                                    "pricingUnits": {
                                        "type": "SOLD_BY_EACH",
                                        "unit": "ea",
                                        "interval": 1,
                                        "minOrderQuantity": 1,
                                        "maxOrderQuantity": 25,
                                        "weighted": false
                                    },
                                    "deal": null,
                                    "mopDeal": null,
                                    "pcoDeal": null,
                                    "inventoryIndicator": null,
                                    "offerType": "OG",
                                    "offerId": "OG",
                                    "action": null,
                                    "isVariant": false,
                                    "link": "/arugula-baby-spinach-salad-mix/p/21020913_EA",
                                    "productVendor": null,
                                    "productVariant": null,
                                    "textBadge": "",
                                    "variantTheme": null,
                                    "articleNumber": "21020913",
                                    "uom": "EA",
                                    "sponsoredCreative": null,
                                    "isSponsored": false,
                                    "isComplementarySponsored": false,
                                    "complementarySponsoredBadgeText": null,
                                    "productBadge": null
                                },
                                {
                                    "index": 44,
                                    "productId": "21378098_EA",
                                    "productImage": [
                                        {
                                            "imageUrl": "https://assets.shop.loblaws.ca/products/21378098/b2/en/front/21378098_front_a06_@2.png",
                                            "smallUrl": "https://assets.shop.loblaws.ca/products/21378098/b1/en/front/21378098_front_a01_@2.png",
                                            "mediumUrl": "https://assets.shop.loblaws.ca/products/21378098/b3/en/front/21378098_front_a06_@2.png",
                                            "largeUrl": "https://assets.shop.loblaws.ca/products/21378098/b2/en/front/21378098_front_a06_@2.png",
                                            "smallRetinaUrl": "https://assets.shop.loblaws.ca/products/21378098/b1/en/front/21378098_front_a01_@2.png",
                                            "mediumRetinaUrl": "https://assets.shop.loblaws.ca/products/21378098/b3/en/front/21378098_front_a06_@2.png",
                                            "largeRetinaUrl": "https://assets.shop.loblaws.ca/products/21378098/b2/en/front/21378098_front_a06_@2.png"
                                        }
                                    ],
                                    "brand": "President's Choice",
                                    "title": "Southwest Salad Kit",
                                    "description": null,
                                    "packageSizing": "369 g, $1.89/100g",
                                    "pricing": {
                                        "price": "6.99",
                                        "wasPrice": null,
                                        "displayPrice": "$6.99",
                                        "memberOnlyPrice": null,
                                        "mopDisplayPrice": null
                                    },
                                    "pricingUnits": {
                                        "type": "SOLD_BY_EACH",
                                        "unit": "ea",
                                        "interval": 1,
                                        "minOrderQuantity": 1,
                                        "maxOrderQuantity": 25,
                                        "weighted": false
                                    },
                                    "deal": {
                                        "type": "MULTI",
                                        "text": "$6.00 MIN 2",
                                        "points": 0,
                                        "name": "MULTI",
                                        "expiryDate": "2024-07-10T00:00:00Z",
                                        "dealPrice": null
                                    },
                                    "mopDeal": null,
                                    "pcoDeal": null,
                                    "inventoryIndicator": null,
                                    "offerType": "OG",
                                    "offerId": "OG",
                                    "action": null,
                                    "isVariant": false,
                                    "link": "/southwest-salad-kit/p/21378098_EA",
                                    "productVendor": null,
                                    "productVariant": null,
                                    "textBadge": "",
                                    "variantTheme": null,
                                    "articleNumber": "21378098",
                                    "uom": "EA",
                                    "sponsoredCreative": null,
                                    "isSponsored": false,
                                    "isComplementarySponsored": false,
                                    "complementarySponsoredBadgeText": null,
                                    "productBadge": null
                                },
                                {
                                    "index": 45,
                                    "productId": "20104062_EA",
                                    "productImage": [
                                        {
                                            "imageUrl": "https://assets.shop.loblaws.ca/products/20104062/b2/en/front/20104062_front_a06_@2.png",
                                            "smallUrl": "https://assets.shop.loblaws.ca/products/20104062/b1/en/front/20104062_front_a01_@2.png",
                                            "mediumUrl": "https://assets.shop.loblaws.ca/products/20104062/b3/en/front/20104062_front_a06_@2.png",
                                            "largeUrl": "https://assets.shop.loblaws.ca/products/20104062/b2/en/front/20104062_front_a06_@2.png",
                                            "smallRetinaUrl": "https://assets.shop.loblaws.ca/products/20104062/b1/en/front/20104062_front_a01_@2.png",
                                            "mediumRetinaUrl": "https://assets.shop.loblaws.ca/products/20104062/b3/en/front/20104062_front_a06_@2.png",
                                            "largeRetinaUrl": "https://assets.shop.loblaws.ca/products/20104062/b2/en/front/20104062_front_a06_@2.png"
                                        }
                                    ],
                                    "brand": null,
                                    "title": "Popeye Select Spinach",
                                    "description": "Spinach has dark green leaves that are either flat and smooth or curly and crinkled. Both have crisp, fragrant leaves and a slightly bitter flavour. Spinach can be very gritty and must be rinsed thoroughly. Use raw in salad, combine with feta for spanakopita, or saut\u00e9 in olive oil and garlic for a simple side dish.",
                                    "packageSizing": "1 kg, $0.88/100g",
                                    "pricing": {
                                        "price": "9.99",
                                        "wasPrice": "$11.99",
                                        "displayPrice": "$9.99",
                                        "memberOnlyPrice": null,
                                        "mopDisplayPrice": null
                                    },
                                    "pricingUnits": {
                                        "type": "SOLD_BY_EACH",
                                        "unit": "ea",
                                        "interval": 1,
                                        "minOrderQuantity": 1,
                                        "maxOrderQuantity": 25,
                                        "weighted": false
                                    },
                                    "deal": {
                                        "type": "SALE",
                                        "text": "SAVE $2.00",
                                        "points": 0,
                                        "name": "SALE",
                                        "expiryDate": "2024-07-10T00:00:00Z",
                                        "dealPrice": null
                                    },
                                    "mopDeal": null,
                                    "pcoDeal": null,
                                    "inventoryIndicator": null,
                                    "offerType": "OG",
                                    "offerId": "OG",
                                    "action": null,
                                    "isVariant": false,
                                    "link": "/popeye-select-spinach/p/20104062_EA",
                                    "productVendor": null,
                                    "productVariant": null,
                                    "textBadge": "",
                                    "variantTheme": null,
                                    "articleNumber": "20104062",
                                    "uom": "EA",
                                    "sponsoredCreative": null,
                                    "isSponsored": false,
                                    "isComplementarySponsored": false,
                                    "complementarySponsoredBadgeText": null,
                                    "productBadge": null
                                },
                                {
                                    "index": 46,
                                    "productId": "21237391_EA",
                                    "productImage": [
                                        {
                                            "imageUrl": "https://assets.shop.loblaws.ca/products/21237391/b2/en/front/21237391_front_a06_@2.png",
                                            "smallUrl": "https://assets.shop.loblaws.ca/products/21237391/b1/en/front/21237391_front_a01_@2.png",
                                            "mediumUrl": "https://assets.shop.loblaws.ca/products/21237391/b3/en/front/21237391_front_a06_@2.png",
                                            "largeUrl": "https://assets.shop.loblaws.ca/products/21237391/b2/en/front/21237391_front_a06_@2.png",
                                            "smallRetinaUrl": "https://assets.shop.loblaws.ca/products/21237391/b1/en/front/21237391_front_a01_@2.png",
                                            "mediumRetinaUrl": "https://assets.shop.loblaws.ca/products/21237391/b3/en/front/21237391_front_a06_@2.png",
                                            "largeRetinaUrl": "https://assets.shop.loblaws.ca/products/21237391/b2/en/front/21237391_front_a06_@2.png"
                                        }
                                    ],
                                    "brand": null,
                                    "title": "Premium Chicken BLT",
                                    "description": "<p>Allergen Alert : We cannot guarantee that any items have not come into contact with Peanuts, Tree nuts, Milk, Fish, Crustacean, Shellfish, Egg, Soy, Sesame, Wheat Mustard, Sulphites.</p>",
                                    "packageSizing": "340 g, $2.10/100g",
                                    "pricing": {
                                        "price": "7.00",
                                        "wasPrice": null,
                                        "displayPrice": "$7.00",
                                        "memberOnlyPrice": null,
                                        "mopDisplayPrice": null
                                    },
                                    "pricingUnits": {
                                        "type": "SOLD_BY_EACH",
                                        "unit": "ea",
                                        "interval": 1,
                                        "minOrderQuantity": 1,
                                        "maxOrderQuantity": 25,
                                        "weighted": false
                                    },
                                    "deal": null,
                                    "mopDeal": null,
                                    "pcoDeal": null,
                                    "inventoryIndicator": null,
                                    "offerType": "OG",
                                    "offerId": "OG",
                                    "action": null,
                                    "isVariant": false,
                                    "link": "/premium-chicken-blt/p/21237391_EA",
                                    "productVendor": null,
                                    "productVariant": null,
                                    "textBadge": "",
                                    "variantTheme": null,
                                    "articleNumber": "21237391",
                                    "uom": "EA",
                                    "sponsoredCreative": null,
                                    "isSponsored": false,
                                    "isComplementarySponsored": false,
                                    "complementarySponsoredBadgeText": null,
                                    "productBadge": null
                                },
                                {
                                    "index": 47,
                                    "productId": "21607927_EA",
                                    "productImage": [
                                        {
                                            "imageUrl": "https://assets.shop.loblaws.ca/products/21607927/b2/en/front/21607927_front_a06_@2.png",
                                            "smallUrl": "https://assets.shop.loblaws.ca/products/21607927/b1/en/front/21607927_front_a01_@2.png",
                                            "mediumUrl": "https://assets.shop.loblaws.ca/products/21607927/b3/en/front/21607927_front_a06_@2.png",
                                            "largeUrl": "https://assets.shop.loblaws.ca/products/21607927/b2/en/front/21607927_front_a06_@2.png",
                                            "smallRetinaUrl": "https://assets.shop.loblaws.ca/products/21607927/b1/en/front/21607927_front_a01_@2.png",
                                            "mediumRetinaUrl": "https://assets.shop.loblaws.ca/products/21607927/b3/en/front/21607927_front_a06_@2.png",
                                            "largeRetinaUrl": "https://assets.shop.loblaws.ca/products/21607927/b2/en/front/21607927_front_a06_@2.png"
                                        }
                                    ],
                                    "brand": null,
                                    "title": "Creamy Coleslaw, Medium",
                                    "description": null,
                                    "packageSizing": "338 g, $1.48/100g",
                                    "pricing": {
                                        "price": "5.00",
                                        "wasPrice": null,
                                        "displayPrice": "$5.00",
                                        "memberOnlyPrice": null,
                                        "mopDisplayPrice": null
                                    },
                                    "pricingUnits": {
                                        "type": "SOLD_BY_EACH",
                                        "unit": "ea",
                                        "interval": 1,
                                        "minOrderQuantity": 1,
                                        "maxOrderQuantity": 25,
                                        "weighted": false
                                    },
                                    "deal": null,
                                    "mopDeal": null,
                                    "pcoDeal": null,
                                    "inventoryIndicator": null,
                                    "offerType": "OG",
                                    "offerId": "OG",
                                    "action": null,
                                    "isVariant": false,
                                    "link": "/creamy-coleslaw-medium/p/21607927_EA",
                                    "productVendor": null,
                                    "productVariant": null,
                                    "textBadge": "",
                                    "variantTheme": null,
                                    "articleNumber": "21607927",
                                    "uom": "EA",
                                    "sponsoredCreative": null,
                                    "isSponsored": false,
                                    "isComplementarySponsored": false,
                                    "complementarySponsoredBadgeText": null,
                                    "productBadge": {
                                        "badgeId": "NEW",
                                        "badgeClass": null,
                                        "text": "New"
                                    }
                                },
                                {
                                    "index": 48,
                                    "productId": "21607928_EA",
                                    "productImage": [
                                        {
                                            "imageUrl": "https://assets.shop.loblaws.ca/products/21607928/b2/en/front/21607928_front_a06_@2.png",
                                            "smallUrl": "https://assets.shop.loblaws.ca/products/21607928/b1/en/front/21607928_front_a01_@2.png",
                                            "mediumUrl": "https://assets.shop.loblaws.ca/products/21607928/b3/en/front/21607928_front_a06_@2.png",
                                            "largeUrl": "https://assets.shop.loblaws.ca/products/21607928/b2/en/front/21607928_front_a06_@2.png",
                                            "smallRetinaUrl": "https://assets.shop.loblaws.ca/products/21607928/b1/en/front/21607928_front_a01_@2.png",
                                            "mediumRetinaUrl": "https://assets.shop.loblaws.ca/products/21607928/b3/en/front/21607928_front_a06_@2.png",
                                            "largeRetinaUrl": "https://assets.shop.loblaws.ca/products/21607928/b2/en/front/21607928_front_a06_@2.png"
                                        }
                                    ],
                                    "brand": null,
                                    "title": "Creamy Coleslaw, Large ",
                                    "description": null,
                                    "packageSizing": "422 g, $1.42/100g",
                                    "pricing": {
                                        "price": "6.00",
                                        "wasPrice": null,
                                        "displayPrice": "$6.00",
                                        "memberOnlyPrice": null,
                                        "mopDisplayPrice": null
                                    },
                                    "pricingUnits": {
                                        "type": "SOLD_BY_EACH",
                                        "unit": "ea",
                                        "interval": 1,
                                        "minOrderQuantity": 1,
                                        "maxOrderQuantity": 25,
                                        "weighted": false
                                    },
                                    "deal": null,
                                    "mopDeal": null,
                                    "pcoDeal": null,
                                    "inventoryIndicator": null,
                                    "offerType": "OG",
                                    "offerId": "OG",
                                    "action": null,
                                    "isVariant": false,
                                    "link": "/creamy-coleslaw-large/p/21607928_EA",
                                    "productVendor": null,
                                    "productVariant": null,
                                    "textBadge": "",
                                    "variantTheme": null,
                                    "articleNumber": "21607928",
                                    "uom": "EA",
                                    "sponsoredCreative": null,
                                    "isSponsored": false,
                                    "isComplementarySponsored": false,
                                    "complementarySponsoredBadgeText": null,
                                    "productBadge": {
                                        "badgeId": "NEW",
                                        "badgeClass": null,
                                        "text": "New"
                                    }
                                }
                            ],
                            "analytics": null
                        }
                    },
                    {
                        "componentId": "productCarouselComponent",
                        "contentId": "4V9xy7sjhMQtvYIxvKHkCW",
                        "variantId": null,
                        "id": "4V9xy7sjhMQtvYIxvKHkCW",
                        "data": {
                            "headline": null,
                            "isSponsored": false,
                            "callToAction": {
                                "text": "Shop all",
                                "url": "/collection/summer-insiders-international?icid=gr_sir-flavours-from-around-the-world_productcarousel_1_clp"
                            },
                            "headerGroup": {
                                "paragraph": null,
                                "callToAction": null,
                                "headline": {
                                    "text": "PC\u00ae Insiders Report\u2122 favourites and more",
                                    "alignment": "LEFT",
                                    "variantId": "MEDIUM_03",
                                    "headerType": "H1",
                                    "callToAction": {
                                        "text": "Shop all",
                                        "url": "/collection/summer-insiders-international?icid=gr_sir-flavours-from-around-the-world_productcarousel_1_clp"
                                    }
                                },
                                "desktopImage": null,
                                "mobileImage": null,
                                "tabletImage": null
                            },
                            "productTiles": [
                                {
                                    "index": 1,
                                    "productId": "21575914001_EA",
                                    "productImage": [
                                        {
                                            "imageUrl": "https://assets.shop.loblaws.ca/products/21575914001/b2/en/front/21575914001_front_a06_@2.png",
                                            "smallUrl": "https://assets.shop.loblaws.ca/products/21575914001/b1/en/front/21575914001_front_a01_@2.png",
                                            "mediumUrl": "https://assets.shop.loblaws.ca/products/21575914001/b3/en/front/21575914001_front_a06_@2.png",
                                            "largeUrl": "https://assets.shop.loblaws.ca/products/21575914001/b2/en/front/21575914001_front_a06_@2.png",
                                            "smallRetinaUrl": "https://assets.shop.loblaws.ca/products/21575914001/b1/en/front/21575914001_front_a01_@2.png",
                                            "mediumRetinaUrl": "https://assets.shop.loblaws.ca/products/21575914001/b3/en/front/21575914001_front_a06_@2.png",
                                            "largeRetinaUrl": "https://assets.shop.loblaws.ca/products/21575914001/b2/en/front/21575914001_front_a06_@2.png"
                                        }
                                    ],
                                    "brand": "President's Choice",
                                    "title": "Pink Guava",
                                    "description": "<p>If your pink guava is slightly soft when you gently squeeze it, it\u2019s ripe and ready to eat. Cut in half and scoop out the pink flesh with edible white seeds for a sweet, fruity flavour, with notes of papaya and ripe pear. Layer in a trifle, add to fruit salads, make into jam or give it a simple squeeze of lime juice and enjoy a taste of the tropics.</p>",
                                    "packageSizing": "1 ea, $7.00/1ea",
                                    "pricing": {
                                        "price": "7.00",
                                        "wasPrice": null,
                                        "displayPrice": "$7.00",
                                        "memberOnlyPrice": null,
                                        "mopDisplayPrice": null
                                    },
                                    "pricingUnits": {
                                        "type": "SOLD_BY_EACH",
                                        "unit": "ea",
                                        "interval": 1,
                                        "minOrderQuantity": 1,
                                        "maxOrderQuantity": 25,
                                        "weighted": false
                                    },
                                    "deal": null,
                                    "mopDeal": null,
                                    "pcoDeal": null,
                                    "inventoryIndicator": null,
                                    "offerType": "OG",
                                    "offerId": "OG",
                                    "action": null,
                                    "isVariant": false,
                                    "link": "/pink-guava/p/21575914001_EA",
                                    "productVendor": null,
                                    "productVariant": null,
                                    "textBadge": "",
                                    "variantTheme": null,
                                    "articleNumber": "21575914001",
                                    "uom": "EA",
                                    "sponsoredCreative": null,
                                    "isSponsored": false,
                                    "isComplementarySponsored": false,
                                    "complementarySponsoredBadgeText": null,
                                    "productBadge": {
                                        "badgeId": "NEW",
                                        "badgeClass": null,
                                        "text": "New"
                                    }
                                },
                                {
                                    "index": 2,
                                    "productId": "21575901001_EA",
                                    "productImage": [
                                        {
                                            "imageUrl": "https://assets.shop.loblaws.ca/products/21575901001/b2/en/front/21575901001_front_a06_@2.png",
                                            "smallUrl": "https://assets.shop.loblaws.ca/products/21575901001/b1/en/front/21575901001_front_a01_@2.png",
                                            "mediumUrl": "https://assets.shop.loblaws.ca/products/21575901001/b3/en/front/21575901001_front_a06_@2.png",
                                            "largeUrl": "https://assets.shop.loblaws.ca/products/21575901001/b2/en/front/21575901001_front_a06_@2.png",
                                            "smallRetinaUrl": "https://assets.shop.loblaws.ca/products/21575901001/b1/en/front/21575901001_front_a01_@2.png",
                                            "mediumRetinaUrl": "https://assets.shop.loblaws.ca/products/21575901001/b3/en/front/21575901001_front_a06_@2.png",
                                            "largeRetinaUrl": "https://assets.shop.loblaws.ca/products/21575901001/b2/en/front/21575901001_front_a06_@2.png"
                                        }
                                    ],
                                    "brand": "President's Choice",
                                    "title": "Granadillas",
                                    "description": "<p>When it\u2019s orange and slightly wrinkled, granadilla is at peak ripeness. Halve and scoop out the sweet and floral jelly-like fruit with edible seeds. Granadilla is a sweet-tart fruit usually enjoyed fresh but can also be used to make cakes or jams. Spoon over pavlova, cakes, or ice cream for something deliciously different.</p>",
                                    "packageSizing": "1 ea, $6.00/1ea",
                                    "pricing": {
                                        "price": "6.00",
                                        "wasPrice": null,
                                        "displayPrice": "$6.00",
                                        "memberOnlyPrice": null,
                                        "mopDisplayPrice": null
                                    },
                                    "pricingUnits": {
                                        "type": "SOLD_BY_EACH",
                                        "unit": "ea",
                                        "interval": 1,
                                        "minOrderQuantity": 1,
                                        "maxOrderQuantity": 25,
                                        "weighted": false
                                    },
                                    "deal": null,
                                    "mopDeal": null,
                                    "pcoDeal": null,
                                    "inventoryIndicator": null,
                                    "offerType": "OG",
                                    "offerId": "OG",
                                    "action": null,
                                    "isVariant": false,
                                    "link": "/granadillas/p/21575901001_EA",
                                    "productVendor": null,
                                    "productVariant": null,
                                    "textBadge": "",
                                    "variantTheme": null,
                                    "articleNumber": "21575901001",
                                    "uom": "EA",
                                    "sponsoredCreative": null,
                                    "isSponsored": false,
                                    "isComplementarySponsored": false,
                                    "complementarySponsoredBadgeText": null,
                                    "productBadge": {
                                        "badgeId": "NEW",
                                        "badgeClass": null,
                                        "text": "New"
                                    }
                                },
                                {
                                    "index": 3,
                                    "productId": "21575865001_EA",
                                    "productImage": [
                                        {
                                            "imageUrl": "https://assets.shop.loblaws.ca/products/21575865001/b2/en/front/21575865001_front_a06_@2.png",
                                            "smallUrl": "https://assets.shop.loblaws.ca/products/21575865001/b1/en/front/21575865001_front_a01_@2.png",
                                            "mediumUrl": "https://assets.shop.loblaws.ca/products/21575865001/b3/en/front/21575865001_front_a06_@2.png",
                                            "largeUrl": "https://assets.shop.loblaws.ca/products/21575865001/b2/en/front/21575865001_front_a06_@2.png",
                                            "smallRetinaUrl": "https://assets.shop.loblaws.ca/products/21575865001/b1/en/front/21575865001_front_a01_@2.png",
                                            "mediumRetinaUrl": "https://assets.shop.loblaws.ca/products/21575865001/b3/en/front/21575865001_front_a06_@2.png",
                                            "largeRetinaUrl": "https://assets.shop.loblaws.ca/products/21575865001/b2/en/front/21575865001_front_a06_@2.png"
                                        }
                                    ],
                                    "brand": "President's Choice",
                                    "title": "Mangosteen",
                                    "description": "<p>Mangosteen, known as the \u201cQueen of tropical fruit,\u201d is ripe when the rind is dark purple. Score through the fruit\u2019s middle, pull off the top before eating the white fleshy segments inside (watch for seeds) and enjoy an explosion of lychee, peach, and pineapple flavours. </p>",
                                    "packageSizing": "1 ea, $6.00/1ea",
                                    "pricing": {
                                        "price": "6.00",
                                        "wasPrice": null,
                                        "displayPrice": "$6.00",
                                        "memberOnlyPrice": null,
                                        "mopDisplayPrice": null
                                    },
                                    "pricingUnits": {
                                        "type": "SOLD_BY_EACH",
                                        "unit": "ea",
                                        "interval": 1,
                                        "minOrderQuantity": 1,
                                        "maxOrderQuantity": 25,
                                        "weighted": false
                                    },
                                    "deal": null,
                                    "mopDeal": null,
                                    "pcoDeal": null,
                                    "inventoryIndicator": null,
                                    "offerType": "OG",
                                    "offerId": "OG",
                                    "action": null,
                                    "isVariant": false,
                                    "link": "/mangosteen/p/21575865001_EA",
                                    "productVendor": null,
                                    "productVariant": null,
                                    "textBadge": "",
                                    "variantTheme": null,
                                    "articleNumber": "21575865001",
                                    "uom": "EA",
                                    "sponsoredCreative": null,
                                    "isSponsored": false,
                                    "isComplementarySponsored": false,
                                    "complementarySponsoredBadgeText": null,
                                    "productBadge": {
                                        "badgeId": "NEW",
                                        "badgeClass": null,
                                        "text": "New"
                                    }
                                },
                                {
                                    "index": 4,
                                    "productId": "21575820001_EA",
                                    "productImage": [
                                        {
                                            "imageUrl": "https://assets.shop.loblaws.ca/products/21575820001/b2/en/front/21575820001_front_a06_@2.png",
                                            "smallUrl": "https://assets.shop.loblaws.ca/products/21575820001/b1/en/front/21575820001_front_a01_@2.png",
                                            "mediumUrl": "https://assets.shop.loblaws.ca/products/21575820001/b3/en/front/21575820001_front_a06_@2.png",
                                            "largeUrl": "https://assets.shop.loblaws.ca/products/21575820001/b2/en/front/21575820001_front_a06_@2.png",
                                            "smallRetinaUrl": "https://assets.shop.loblaws.ca/products/21575820001/b1/en/front/21575820001_front_a01_@2.png",
                                            "mediumRetinaUrl": "https://assets.shop.loblaws.ca/products/21575820001/b3/en/front/21575820001_front_a06_@2.png",
                                            "largeRetinaUrl": "https://assets.shop.loblaws.ca/products/21575820001/b2/en/front/21575820001_front_a06_@2.png"
                                        }
                                    ],
                                    "brand": "President's Choice",
                                    "title": "Purple Passion Fruit",
                                    "description": "<p>If your purple passion fruit feels heavy and the rind is wrinkly and purple, it\u2019s ripe and ready to enjoy! Cut in half and scoop out the crunchy, seed-dotted fruit for a sweet-tart, citrusy sensation. Use in salsas, spoon over yogurt, or mix into a salad for added crunch and flavour.</p>",
                                    "packageSizing": "1 ea, $6.00/1ea",
                                    "pricing": {
                                        "price": "6.00",
                                        "wasPrice": null,
                                        "displayPrice": "$6.00",
                                        "memberOnlyPrice": null,
                                        "mopDisplayPrice": null
                                    },
                                    "pricingUnits": {
                                        "type": "SOLD_BY_EACH",
                                        "unit": "ea",
                                        "interval": 1,
                                        "minOrderQuantity": 1,
                                        "maxOrderQuantity": 25,
                                        "weighted": false
                                    },
                                    "deal": null,
                                    "mopDeal": null,
                                    "pcoDeal": null,
                                    "inventoryIndicator": null,
                                    "offerType": "OG",
                                    "offerId": "OG",
                                    "action": null,
                                    "isVariant": false,
                                    "link": "/purple-passion-fruit/p/21575820001_EA",
                                    "productVendor": null,
                                    "productVariant": null,
                                    "textBadge": "",
                                    "variantTheme": null,
                                    "articleNumber": "21575820001",
                                    "uom": "EA",
                                    "sponsoredCreative": null,
                                    "isSponsored": false,
                                    "isComplementarySponsored": false,
                                    "complementarySponsoredBadgeText": null,
                                    "productBadge": {
                                        "badgeId": "NEW",
                                        "badgeClass": null,
                                        "text": "New"
                                    }
                                },
                                {
                                    "index": 5,
                                    "productId": "21575847001_EA",
                                    "productImage": [
                                        {
                                            "imageUrl": "https://assets.shop.loblaws.ca/products/21575847001/b2/en/front/21575847001_front_a06_@2.png",
                                            "smallUrl": "https://assets.shop.loblaws.ca/products/21575847001/b1/en/front/21575847001_front_a01_@2.png",
                                            "mediumUrl": "https://assets.shop.loblaws.ca/products/21575847001/b3/en/front/21575847001_front_a06_@2.png",
                                            "largeUrl": "https://assets.shop.loblaws.ca/products/21575847001/b2/en/front/21575847001_front_a06_@2.png",
                                            "smallRetinaUrl": "https://assets.shop.loblaws.ca/products/21575847001/b1/en/front/21575847001_front_a01_@2.png",
                                            "mediumRetinaUrl": "https://assets.shop.loblaws.ca/products/21575847001/b3/en/front/21575847001_front_a06_@2.png",
                                            "largeRetinaUrl": "https://assets.shop.loblaws.ca/products/21575847001/b2/en/front/21575847001_front_a06_@2.png"
                                        }
                                    ],
                                    "brand": "President's Choice",
                                    "title": "Yellow Pitahaya",
                                    "description": "<p>When it\u2019s bright yellow and a little soft, you\u2019ll know yellow pitahaya (or as it\u2019s sometimes called, \u201cdragon fruit\u201d) is ripe. Peel and slice its white interior, flecked with edible black seeds for a mild, sweet taste that\u2019s like kiwi fruit or cactus pear. Add it to pineapple salsa, chop and serve over a smoothie bowl, or use a melon baller to scoop out the flesh and serve alongside dessert or other tropical fruits .</p>",
                                    "packageSizing": "1 ea, $5.00/1ea",
                                    "pricing": {
                                        "price": "5.00",
                                        "wasPrice": null,
                                        "displayPrice": "$5.00",
                                        "memberOnlyPrice": null,
                                        "mopDisplayPrice": null
                                    },
                                    "pricingUnits": {
                                        "type": "SOLD_BY_EACH",
                                        "unit": "ea",
                                        "interval": 1,
                                        "minOrderQuantity": 1,
                                        "maxOrderQuantity": 25,
                                        "weighted": false
                                    },
                                    "deal": null,
                                    "mopDeal": null,
                                    "pcoDeal": null,
                                    "inventoryIndicator": null,
                                    "offerType": "OG",
                                    "offerId": "OG",
                                    "action": null,
                                    "isVariant": false,
                                    "link": "/yellow-pitahaya/p/21575847001_EA",
                                    "productVendor": null,
                                    "productVariant": null,
                                    "textBadge": "",
                                    "variantTheme": null,
                                    "articleNumber": "21575847001",
                                    "uom": "EA",
                                    "sponsoredCreative": null,
                                    "isSponsored": false,
                                    "isComplementarySponsored": false,
                                    "complementarySponsoredBadgeText": null,
                                    "productBadge": {
                                        "badgeId": "NEW",
                                        "badgeClass": null,
                                        "text": "New"
                                    }
                                },
                                {
                                    "index": 6,
                                    "productId": "21588279_EA",
                                    "productImage": [
                                        {
                                            "imageUrl": "https://assets.shop.loblaws.ca/products/21588279/b2/en/front/21588279_front_a06_@2.png",
                                            "smallUrl": "https://assets.shop.loblaws.ca/products/21588279/b1/en/front/21588279_front_a01_@2.png",
                                            "mediumUrl": "https://assets.shop.loblaws.ca/products/21588279/b3/en/front/21588279_front_a06_@2.png",
                                            "largeUrl": "https://assets.shop.loblaws.ca/products/21588279/b2/en/front/21588279_front_a06_@2.png",
                                            "smallRetinaUrl": "https://assets.shop.loblaws.ca/products/21588279/b1/en/front/21588279_front_a01_@2.png",
                                            "mediumRetinaUrl": "https://assets.shop.loblaws.ca/products/21588279/b3/en/front/21588279_front_a06_@2.png",
                                            "largeRetinaUrl": "https://assets.shop.loblaws.ca/products/21588279/b2/en/front/21588279_front_a06_@2.png"
                                        }
                                    ],
                                    "brand": "President's Choice",
                                    "title": "Creamy Dill Pickle Slaw Kit",
                                    "description": "<p>We take our fresh and crunchy slaw up a few notches with this all-in-one dill-icious salad kit. You get a zesty dill trifecta: crunchy fried \u201cdillies\u201d (or dill pickle pieces), loads of creamy dill pickle seasoning and dill pickle ranch\u2014all over a Coleslaw base. Great tossed and dressed on its own, we also like it piled on burgers, sausages, pulled pork, or fish tacos (but we\u2019ll let you take your pick).</p>",
                                    "packageSizing": "301 g, $1.99/100g",
                                    "pricing": {
                                        "price": "5.99",
                                        "wasPrice": null,
                                        "displayPrice": "$5.99",
                                        "memberOnlyPrice": null,
                                        "mopDisplayPrice": null
                                    },
                                    "pricingUnits": {
                                        "type": "SOLD_BY_EACH",
                                        "unit": "ea",
                                        "interval": 1,
                                        "minOrderQuantity": 1,
                                        "maxOrderQuantity": 25,
                                        "weighted": false
                                    },
                                    "deal": null,
                                    "mopDeal": null,
                                    "pcoDeal": null,
                                    "inventoryIndicator": null,
                                    "offerType": "OG",
                                    "offerId": "OG",
                                    "action": null,
                                    "isVariant": false,
                                    "link": "/creamy-dill-pickle-slaw-kit/p/21588279_EA",
                                    "productVendor": null,
                                    "productVariant": null,
                                    "textBadge": "",
                                    "variantTheme": null,
                                    "articleNumber": "21588279",
                                    "uom": "EA",
                                    "sponsoredCreative": null,
                                    "isSponsored": false,
                                    "isComplementarySponsored": false,
                                    "complementarySponsoredBadgeText": null,
                                    "productBadge": {
                                        "badgeId": "NEW",
                                        "badgeClass": null,
                                        "text": "New"
                                    }
                                },
                                {
                                    "index": 7,
                                    "productId": "21588396_EA",
                                    "productImage": [
                                        {
                                            "imageUrl": "https://assets.shop.loblaws.ca/products/21588396/b2/en/front/21588396_front_a06_@2.png",
                                            "smallUrl": "https://assets.shop.loblaws.ca/products/21588396/b1/en/front/21588396_front_a01_@2.png",
                                            "mediumUrl": "https://assets.shop.loblaws.ca/products/21588396/b3/en/front/21588396_front_a06_@2.png",
                                            "largeUrl": "https://assets.shop.loblaws.ca/products/21588396/b2/en/front/21588396_front_a06_@2.png",
                                            "smallRetinaUrl": "https://assets.shop.loblaws.ca/products/21588396/b1/en/front/21588396_front_a01_@2.png",
                                            "mediumRetinaUrl": "https://assets.shop.loblaws.ca/products/21588396/b3/en/front/21588396_front_a06_@2.png",
                                            "largeRetinaUrl": "https://assets.shop.loblaws.ca/products/21588396/b2/en/front/21588396_front_a06_@2.png"
                                        }
                                    ],
                                    "brand": "President's Choice",
                                    "title": "Miso-Ponzu Slaw Kit",
                                    "description": "<p>We take our fresh and crunchy slaw up a few notches with this all-in-one kit. Inside is a bright ponzu, miso, and ginger dressing, alongside crispy edamame and toasted black and white sesame seeds to top it all off. Great tossed and dressed on its own, we also like it piled on burgers, sausages, fish, or fried chicken bao (but we\u2019ll let you take your pick).</p>",
                                    "packageSizing": "301 g, $1.99/100g",
                                    "pricing": {
                                        "price": "5.99",
                                        "wasPrice": null,
                                        "displayPrice": "$5.99",
                                        "memberOnlyPrice": null,
                                        "mopDisplayPrice": null
                                    },
                                    "pricingUnits": {
                                        "type": "SOLD_BY_EACH",
                                        "unit": "ea",
                                        "interval": 1,
                                        "minOrderQuantity": 1,
                                        "maxOrderQuantity": 25,
                                        "weighted": false
                                    },
                                    "deal": null,
                                    "mopDeal": null,
                                    "pcoDeal": null,
                                    "inventoryIndicator": null,
                                    "offerType": "OG",
                                    "offerId": "OG",
                                    "action": null,
                                    "isVariant": false,
                                    "link": "/miso-ponzu-slaw-kit/p/21588396_EA",
                                    "productVendor": null,
                                    "productVariant": null,
                                    "textBadge": "",
                                    "variantTheme": null,
                                    "articleNumber": "21588396",
                                    "uom": "EA",
                                    "sponsoredCreative": null,
                                    "isSponsored": false,
                                    "isComplementarySponsored": false,
                                    "complementarySponsoredBadgeText": null,
                                    "productBadge": {
                                        "badgeId": "NEW",
                                        "badgeClass": null,
                                        "text": "New"
                                    }
                                },
                                {
                                    "index": 8,
                                    "productId": "21027142001_EA",
                                    "productImage": [
                                        {
                                            "imageUrl": "https://assets.shop.loblaws.ca/products/21027142001/b2/en/front/21027142001_front_a06_@2.png",
                                            "smallUrl": "https://assets.shop.loblaws.ca/products/21027142001/b1/en/front/21027142001_front_a01_@2.png",
                                            "mediumUrl": "https://assets.shop.loblaws.ca/products/21027142001/b3/en/front/21027142001_front_a06_@2.png",
                                            "largeUrl": "https://assets.shop.loblaws.ca/products/21027142001/b2/en/front/21027142001_front_a06_@2.png",
                                            "smallRetinaUrl": "https://assets.shop.loblaws.ca/products/21027142001/b1/en/front/21027142001_front_a01_@2.png",
                                            "mediumRetinaUrl": "https://assets.shop.loblaws.ca/products/21027142001/b3/en/front/21027142001_front_a06_@2.png",
                                            "largeRetinaUrl": "https://assets.shop.loblaws.ca/products/21027142001/b2/en/front/21027142001_front_a06_@2.png"
                                        }
                                    ],
                                    "brand": "President's Choice",
                                    "title": "Ontario Greenhouse-Grown Strawberries ",
                                    "description": "We made strawberry season\u2026endless. Always sweet and full of flavour, our juicy strawberries are greenhouse-grown all year round in Ontario. Gone are the days when there was only a small window of time to make your best jams\u2026and pies, tarts, shortcake, scones. You get the idea. Incredible for snacking just as they are, and they\u2019re a must in fruit platters and smoothie bowls. Add by the handful to shakes and other blended drinks (frozen daiquiri, anyone?). Slice in and on cereal, French toast, ice cream and salads \u2013 especially spinach salad with goat cheese.  ",
                                    "packageSizing": "340 g, $1.76/100g",
                                    "pricing": {
                                        "price": "5.99",
                                        "wasPrice": null,
                                        "displayPrice": "$5.99",
                                        "memberOnlyPrice": null,
                                        "mopDisplayPrice": null
                                    },
                                    "pricingUnits": {
                                        "type": "SOLD_BY_EACH",
                                        "unit": "ea",
                                        "interval": 1,
                                        "minOrderQuantity": 1,
                                        "maxOrderQuantity": 25,
                                        "weighted": false
                                    },
                                    "deal": null,
                                    "mopDeal": null,
                                    "pcoDeal": null,
                                    "inventoryIndicator": null,
                                    "offerType": "OG",
                                    "offerId": "OG",
                                    "action": null,
                                    "isVariant": false,
                                    "link": "/ontario-greenhouse-grown-strawberries/p/21027142001_EA",
                                    "productVendor": null,
                                    "productVariant": null,
                                    "textBadge": "",
                                    "variantTheme": null,
                                    "articleNumber": "21027142001",
                                    "uom": "EA",
                                    "sponsoredCreative": null,
                                    "isSponsored": false,
                                    "isComplementarySponsored": false,
                                    "complementarySponsoredBadgeText": null,
                                    "productBadge": null
                                },
                                {
                                    "index": 9,
                                    "productId": "21179969001_EA",
                                    "productImage": [
                                        {
                                            "imageUrl": "https://assets.shop.loblaws.ca/products/21179969001/b2/en/front/21179969001_front_a06_@2.png",
                                            "smallUrl": "https://assets.shop.loblaws.ca/products/21179969001/b1/en/front/21179969001_front_a01_@2.png",
                                            "mediumUrl": "https://assets.shop.loblaws.ca/products/21179969001/b3/en/front/21179969001_front_a06_@2.png",
                                            "largeUrl": "https://assets.shop.loblaws.ca/products/21179969001/b2/en/front/21179969001_front_a06_@2.png",
                                            "smallRetinaUrl": "https://assets.shop.loblaws.ca/products/21179969001/b1/en/front/21179969001_front_a01_@2.png",
                                            "mediumRetinaUrl": "https://assets.shop.loblaws.ca/products/21179969001/b3/en/front/21179969001_front_a06_@2.png",
                                            "largeRetinaUrl": "https://assets.shop.loblaws.ca/products/21179969001/b2/en/front/21179969001_front_a06_@2.png"
                                        }
                                    ],
                                    "brand": "PC Organics",
                                    "title": "Blueberries",
                                    "description": "These flavourful little gems are delicious in muffins, pies, pancakes and waffles, or as a topping for cereal, yogurt and ice cream.",
                                    "packageSizing": "277 g, $2.88/100g",
                                    "pricing": {
                                        "price": "7.99",
                                        "wasPrice": null,
                                        "displayPrice": "$7.99",
                                        "memberOnlyPrice": null,
                                        "mopDisplayPrice": null
                                    },
                                    "pricingUnits": {
                                        "type": "SOLD_BY_EACH",
                                        "unit": "ea",
                                        "interval": 1,
                                        "minOrderQuantity": 1,
                                        "maxOrderQuantity": 25,
                                        "weighted": false
                                    },
                                    "deal": null,
                                    "mopDeal": null,
                                    "pcoDeal": null,
                                    "inventoryIndicator": null,
                                    "offerType": "OG",
                                    "offerId": "OG",
                                    "action": null,
                                    "isVariant": false,
                                    "link": "/blueberries/p/21179969001_EA",
                                    "productVendor": null,
                                    "productVariant": null,
                                    "textBadge": "",
                                    "variantTheme": null,
                                    "articleNumber": "21179969001",
                                    "uom": "EA",
                                    "sponsoredCreative": null,
                                    "isSponsored": false,
                                    "isComplementarySponsored": false,
                                    "complementarySponsoredBadgeText": null,
                                    "productBadge": null
                                },
                                {
                                    "index": 10,
                                    "productId": "21090447001_EA",
                                    "productImage": [
                                        {
                                            "imageUrl": "https://assets.shop.loblaws.ca/products/21090447001/b2/en/front/21090447001_front_a06_@2.png",
                                            "smallUrl": "https://assets.shop.loblaws.ca/products/21090447001/b1/en/front/21090447001_front_a01_@2.png",
                                            "mediumUrl": "https://assets.shop.loblaws.ca/products/21090447001/b3/en/front/21090447001_front_a06_@2.png",
                                            "largeUrl": "https://assets.shop.loblaws.ca/products/21090447001/b2/en/front/21090447001_front_a06_@2.png",
                                            "smallRetinaUrl": "https://assets.shop.loblaws.ca/products/21090447001/b1/en/front/21090447001_front_a01_@2.png",
                                            "mediumRetinaUrl": "https://assets.shop.loblaws.ca/products/21090447001/b3/en/front/21090447001_front_a06_@2.png",
                                            "largeRetinaUrl": "https://assets.shop.loblaws.ca/products/21090447001/b2/en/front/21090447001_front_a06_@2.png"
                                        }
                                    ],
                                    "brand": "President's Choice",
                                    "title": "Axiany Cherry Tomatoes",
                                    "description": "With a consistently delicious taste thanks to precise growing methods, the Axiany cherry tomato has a crisp, juicy bite that finishes with sweet flavour. Greenhouse grown in Canada , it&rsquo;s excellent for snacking, salads, canap&eacute;s and as a garnish.",
                                    "packageSizing": "681 g, $1.03/100g",
                                    "pricing": {
                                        "price": "7.00",
                                        "wasPrice": null,
                                        "displayPrice": "$7.00",
                                        "memberOnlyPrice": null,
                                        "mopDisplayPrice": null
                                    },
                                    "pricingUnits": {
                                        "type": "SOLD_BY_EACH",
                                        "unit": "ea",
                                        "interval": 1,
                                        "minOrderQuantity": 1,
                                        "maxOrderQuantity": 25,
                                        "weighted": false
                                    },
                                    "deal": null,
                                    "mopDeal": null,
                                    "pcoDeal": null,
                                    "inventoryIndicator": null,
                                    "offerType": "OG",
                                    "offerId": "OG",
                                    "action": null,
                                    "isVariant": false,
                                    "link": "/axiany-cherry-tomatoes/p/21090447001_EA",
                                    "productVendor": null,
                                    "productVariant": null,
                                    "textBadge": "",
                                    "variantTheme": null,
                                    "articleNumber": "21090447001",
                                    "uom": "EA",
                                    "sponsoredCreative": null,
                                    "isSponsored": false,
                                    "isComplementarySponsored": false,
                                    "complementarySponsoredBadgeText": null,
                                    "productBadge": null
                                },
                                {
                                    "index": 11,
                                    "productId": "21203746_EA",
                                    "productImage": [
                                        {
                                            "imageUrl": "https://assets.shop.loblaws.ca/products/21203746/b2/en/front/21203746_front_a06_@2.png",
                                            "smallUrl": "https://assets.shop.loblaws.ca/products/21203746/b1/en/front/21203746_front_a01_@2.png",
                                            "mediumUrl": "https://assets.shop.loblaws.ca/products/21203746/b3/en/front/21203746_front_a06_@2.png",
                                            "largeUrl": "https://assets.shop.loblaws.ca/products/21203746/b2/en/front/21203746_front_a06_@2.png",
                                            "smallRetinaUrl": "https://assets.shop.loblaws.ca/products/21203746/b1/en/front/21203746_front_a01_@2.png",
                                            "mediumRetinaUrl": "https://assets.shop.loblaws.ca/products/21203746/b3/en/front/21203746_front_a06_@2.png",
                                            "largeRetinaUrl": "https://assets.shop.loblaws.ca/products/21203746/b2/en/front/21203746_front_a06_@2.png"
                                        },
                                        {
                                            "imageUrl": "https://assets.shop.loblaws.ca/products/21203746/b2/en/angle/21203746_angle_a06_@2.png",
                                            "smallUrl": "https://assets.shop.loblaws.ca/products/21203746/b1/en/angle/21203746_angle_a01_@2.png",
                                            "mediumUrl": "https://assets.shop.loblaws.ca/products/21203746/b3/en/angle/21203746_angle_a06_@2.png",
                                            "largeUrl": "https://assets.shop.loblaws.ca/products/21203746/b2/en/angle/21203746_angle_a06_@2.png",
                                            "smallRetinaUrl": "https://assets.shop.loblaws.ca/products/21203746/b1/en/angle/21203746_angle_a01_@2.png",
                                            "mediumRetinaUrl": "https://assets.shop.loblaws.ca/products/21203746/b3/en/angle/21203746_angle_a06_@2.png",
                                            "largeRetinaUrl": "https://assets.shop.loblaws.ca/products/21203746/b2/en/angle/21203746_angle_a06_@2.png"
                                        },
                                        {
                                            "imageUrl": "https://assets.shop.loblaws.ca/products/21203746/b2/en/side/21203746_side_a06_@2.png",
                                            "smallUrl": "https://assets.shop.loblaws.ca/products/21203746/b1/en/side/21203746_side_a01_@2.png",
                                            "mediumUrl": "https://assets.shop.loblaws.ca/products/21203746/b3/en/side/21203746_side_a06_@2.png",
                                            "largeUrl": "https://assets.shop.loblaws.ca/products/21203746/b2/en/side/21203746_side_a06_@2.png",
                                            "smallRetinaUrl": "https://assets.shop.loblaws.ca/products/21203746/b1/en/side/21203746_side_a01_@2.png",
                                            "mediumRetinaUrl": "https://assets.shop.loblaws.ca/products/21203746/b3/en/side/21203746_side_a06_@2.png",
                                            "largeRetinaUrl": "https://assets.shop.loblaws.ca/products/21203746/b2/en/side/21203746_side_a06_@2.png"
                                        }
                                    ],
                                    "brand": "President's Choice",
                                    "title": "Baby Spinach",
                                    "description": null,
                                    "packageSizing": "0.142 kg, $2.82/100g",
                                    "pricing": {
                                        "price": "4.00",
                                        "wasPrice": null,
                                        "displayPrice": "$4.00",
                                        "memberOnlyPrice": null,
                                        "mopDisplayPrice": null
                                    },
                                    "pricingUnits": {
                                        "type": "SOLD_BY_EACH",
                                        "unit": "ea",
                                        "interval": 1,
                                        "minOrderQuantity": 1,
                                        "maxOrderQuantity": 25,
                                        "weighted": false
                                    },
                                    "deal": null,
                                    "mopDeal": null,
                                    "pcoDeal": null,
                                    "inventoryIndicator": null,
                                    "offerType": "OG",
                                    "offerId": "OG",
                                    "action": null,
                                    "isVariant": false,
                                    "link": "/baby-spinach/p/21203746_EA",
                                    "productVendor": null,
                                    "productVariant": null,
                                    "textBadge": "",
                                    "variantTheme": null,
                                    "articleNumber": "21203746",
                                    "uom": "EA",
                                    "sponsoredCreative": null,
                                    "isSponsored": false,
                                    "isComplementarySponsored": false,
                                    "complementarySponsoredBadgeText": null,
                                    "productBadge": null
                                },
                                {
                                    "index": 12,
                                    "productId": "21285888001_EA",
                                    "productImage": [
                                        {
                                            "imageUrl": "https://assets.shop.loblaws.ca/products/21285888001/b2/en/front/21285888001_front_a06_@2.png",
                                            "smallUrl": "https://assets.shop.loblaws.ca/products/21285888001/b1/en/front/21285888001_front_a01_@2.png",
                                            "mediumUrl": "https://assets.shop.loblaws.ca/products/21285888001/b3/en/front/21285888001_front_a06_@2.png",
                                            "largeUrl": "https://assets.shop.loblaws.ca/products/21285888001/b2/en/front/21285888001_front_a06_@2.png",
                                            "smallRetinaUrl": "https://assets.shop.loblaws.ca/products/21285888001/b1/en/front/21285888001_front_a01_@2.png",
                                            "mediumRetinaUrl": "https://assets.shop.loblaws.ca/products/21285888001/b3/en/front/21285888001_front_a06_@2.png",
                                            "largeRetinaUrl": "https://assets.shop.loblaws.ca/products/21285888001/b2/en/front/21285888001_front_a06_@2.png"
                                        },
                                        {
                                            "imageUrl": "https://assets.shop.loblaws.ca/products/21285888001/b2/en/angle/21285888001_angle_a06_@2.png",
                                            "smallUrl": "https://assets.shop.loblaws.ca/products/21285888001/b1/en/angle/21285888001_angle_a01_@2.png",
                                            "mediumUrl": "https://assets.shop.loblaws.ca/products/21285888001/b3/en/angle/21285888001_angle_a06_@2.png",
                                            "largeUrl": "https://assets.shop.loblaws.ca/products/21285888001/b2/en/angle/21285888001_angle_a06_@2.png",
                                            "smallRetinaUrl": "https://assets.shop.loblaws.ca/products/21285888001/b1/en/angle/21285888001_angle_a01_@2.png",
                                            "mediumRetinaUrl": "https://assets.shop.loblaws.ca/products/21285888001/b3/en/angle/21285888001_angle_a06_@2.png",
                                            "largeRetinaUrl": "https://assets.shop.loblaws.ca/products/21285888001/b2/en/angle/21285888001_angle_a06_@2.png"
                                        },
                                        {
                                            "imageUrl": "https://assets.shop.loblaws.ca/products/21285888001/b2/en/side/21285888001_side_a06_@2.png",
                                            "smallUrl": "https://assets.shop.loblaws.ca/products/21285888001/b1/en/side/21285888001_side_a01_@2.png",
                                            "mediumUrl": "https://assets.shop.loblaws.ca/products/21285888001/b3/en/side/21285888001_side_a06_@2.png",
                                            "largeUrl": "https://assets.shop.loblaws.ca/products/21285888001/b2/en/side/21285888001_side_a06_@2.png",
                                            "smallRetinaUrl": "https://assets.shop.loblaws.ca/products/21285888001/b1/en/side/21285888001_side_a01_@2.png",
                                            "mediumRetinaUrl": "https://assets.shop.loblaws.ca/products/21285888001/b3/en/side/21285888001_side_a06_@2.png",
                                            "largeRetinaUrl": "https://assets.shop.loblaws.ca/products/21285888001/b2/en/side/21285888001_side_a06_@2.png"
                                        }
                                    ],
                                    "brand": "President's Choice",
                                    "title": "Mixiany Cherry Tomatoes",
                                    "description": "    There must be some rule that says no summer meal is complete without cherry tomatoes. PC Mixiany Cherry Tomatoes adds a multi-coloured twist to this classic with its mix of yellow, red and orange Axiany varieties. Enjoy them fresh out of the pack on your next picnic, beach outing or road trip. Even better: roast them in the oven with olive oil and garlic, mash into a paste and spread on top of a warm, cheese-topped baguette. Perfection. ",
                                    "packageSizing": "680 g, $1.03/100g",
                                    "pricing": {
                                        "price": "7.00",
                                        "wasPrice": null,
                                        "displayPrice": "$7.00",
                                        "memberOnlyPrice": null,
                                        "mopDisplayPrice": null
                                    },
                                    "pricingUnits": {
                                        "type": "SOLD_BY_EACH",
                                        "unit": "ea",
                                        "interval": 1,
                                        "minOrderQuantity": 1,
                                        "maxOrderQuantity": 25,
                                        "weighted": false
                                    },
                                    "deal": null,
                                    "mopDeal": null,
                                    "pcoDeal": null,
                                    "inventoryIndicator": null,
                                    "offerType": "OG",
                                    "offerId": "OG",
                                    "action": null,
                                    "isVariant": false,
                                    "link": "/mixiany-cherry-tomatoes/p/21285888001_EA",
                                    "productVendor": null,
                                    "productVariant": null,
                                    "textBadge": "",
                                    "variantTheme": null,
                                    "articleNumber": "21285888001",
                                    "uom": "EA",
                                    "sponsoredCreative": null,
                                    "isSponsored": false,
                                    "isComplementarySponsored": false,
                                    "complementarySponsoredBadgeText": null,
                                    "productBadge": null
                                },
                                {
                                    "index": 13,
                                    "productId": "21247300001_EA",
                                    "productImage": [
                                        {
                                            "imageUrl": "https://assets.shop.loblaws.ca/products/21247300001/b2/en/front/21247300001_front_a06_@2.png",
                                            "smallUrl": "https://assets.shop.loblaws.ca/products/21247300001/b1/en/front/21247300001_front_a01_@2.png",
                                            "mediumUrl": "https://assets.shop.loblaws.ca/products/21247300001/b3/en/front/21247300001_front_a06_@2.png",
                                            "largeUrl": "https://assets.shop.loblaws.ca/products/21247300001/b2/en/front/21247300001_front_a06_@2.png",
                                            "smallRetinaUrl": "https://assets.shop.loblaws.ca/products/21247300001/b1/en/front/21247300001_front_a01_@2.png",
                                            "mediumRetinaUrl": "https://assets.shop.loblaws.ca/products/21247300001/b3/en/front/21247300001_front_a06_@2.png",
                                            "largeRetinaUrl": "https://assets.shop.loblaws.ca/products/21247300001/b2/en/front/21247300001_front_a06_@2.png"
                                        }
                                    ],
                                    "brand": "President's Choice",
                                    "title": "Yellow Mini Potatoes",
                                    "description": null,
                                    "packageSizing": "0.68 kg, $0.73/100g",
                                    "pricing": {
                                        "price": "4.99",
                                        "wasPrice": null,
                                        "displayPrice": "$4.99",
                                        "memberOnlyPrice": null,
                                        "mopDisplayPrice": null
                                    },
                                    "pricingUnits": {
                                        "type": "SOLD_BY_EACH",
                                        "unit": "ea",
                                        "interval": 1,
                                        "minOrderQuantity": 1,
                                        "maxOrderQuantity": 25,
                                        "weighted": false
                                    },
                                    "deal": null,
                                    "mopDeal": null,
                                    "pcoDeal": null,
                                    "inventoryIndicator": null,
                                    "offerType": "OG",
                                    "offerId": "OG",
                                    "action": null,
                                    "isVariant": false,
                                    "link": "/yellow-mini-potatoes/p/21247300001_EA",
                                    "productVendor": null,
                                    "productVariant": null,
                                    "textBadge": "",
                                    "variantTheme": null,
                                    "articleNumber": "21247300001",
                                    "uom": "EA",
                                    "sponsoredCreative": null,
                                    "isSponsored": false,
                                    "isComplementarySponsored": false,
                                    "complementarySponsoredBadgeText": null,
                                    "productBadge": null
                                },
                                {
                                    "index": 14,
                                    "productId": "20305277_EA",
                                    "productImage": [
                                        {
                                            "imageUrl": "https://assets.shop.loblaws.ca/products/20305277/b2/en/front/20305277_front_a06_@2.png",
                                            "smallUrl": "https://assets.shop.loblaws.ca/products/20305277/b1/en/front/20305277_front_a01_@2.png",
                                            "mediumUrl": "https://assets.shop.loblaws.ca/products/20305277/b3/en/front/20305277_front_a06_@2.png",
                                            "largeUrl": "https://assets.shop.loblaws.ca/products/20305277/b2/en/front/20305277_front_a06_@2.png",
                                            "smallRetinaUrl": "https://assets.shop.loblaws.ca/products/20305277/b1/en/front/20305277_front_a01_@2.png",
                                            "mediumRetinaUrl": "https://assets.shop.loblaws.ca/products/20305277/b3/en/front/20305277_front_a06_@2.png",
                                            "largeRetinaUrl": "https://assets.shop.loblaws.ca/products/20305277/b2/en/front/20305277_front_a06_@2.png"
                                        },
                                        {
                                            "imageUrl": "https://assets.shop.loblaws.ca/products/20305277/b2/en/angle/20305277_angle_a06_@2.png",
                                            "smallUrl": "https://assets.shop.loblaws.ca/products/20305277/b1/en/angle/20305277_angle_a01_@2.png",
                                            "mediumUrl": "https://assets.shop.loblaws.ca/products/20305277/b3/en/angle/20305277_angle_a06_@2.png",
                                            "largeUrl": "https://assets.shop.loblaws.ca/products/20305277/b2/en/angle/20305277_angle_a06_@2.png",
                                            "smallRetinaUrl": "https://assets.shop.loblaws.ca/products/20305277/b1/en/angle/20305277_angle_a01_@2.png",
                                            "mediumRetinaUrl": "https://assets.shop.loblaws.ca/products/20305277/b3/en/angle/20305277_angle_a06_@2.png",
                                            "largeRetinaUrl": "https://assets.shop.loblaws.ca/products/20305277/b2/en/angle/20305277_angle_a06_@2.png"
                                        },
                                        {
                                            "imageUrl": "https://assets.shop.loblaws.ca/products/20305277/b2/en/side/20305277_side_a06_@2.png",
                                            "smallUrl": "https://assets.shop.loblaws.ca/products/20305277/b1/en/side/20305277_side_a01_@2.png",
                                            "mediumUrl": "https://assets.shop.loblaws.ca/products/20305277/b3/en/side/20305277_side_a06_@2.png",
                                            "largeUrl": "https://assets.shop.loblaws.ca/products/20305277/b2/en/side/20305277_side_a06_@2.png",
                                            "smallRetinaUrl": "https://assets.shop.loblaws.ca/products/20305277/b1/en/side/20305277_side_a01_@2.png",
                                            "mediumRetinaUrl": "https://assets.shop.loblaws.ca/products/20305277/b3/en/side/20305277_side_a06_@2.png",
                                            "largeRetinaUrl": "https://assets.shop.loblaws.ca/products/20305277/b2/en/side/20305277_side_a06_@2.png"
                                        }
                                    ],
                                    "brand": "PC Organics",
                                    "title": "Organics Baby Spinach",
                                    "description": "<p>Organics Baby Spinach is already trimmed and washed for your convenience. Enjoy this spinach in smoothies, sandwiches, salads, or fry it up with your eggs, or in any stir fry.</p>",
                                    "packageSizing": "142 g, $3.52/100g",
                                    "pricing": {
                                        "price": "5.00",
                                        "wasPrice": null,
                                        "displayPrice": "$5.00",
                                        "memberOnlyPrice": null,
                                        "mopDisplayPrice": null
                                    },
                                    "pricingUnits": {
                                        "type": "SOLD_BY_EACH",
                                        "unit": "ea",
                                        "interval": 1,
                                        "minOrderQuantity": 1,
                                        "maxOrderQuantity": 25,
                                        "weighted": false
                                    },
                                    "deal": null,
                                    "mopDeal": null,
                                    "pcoDeal": null,
                                    "inventoryIndicator": null,
                                    "offerType": "OG",
                                    "offerId": "OG",
                                    "action": null,
                                    "isVariant": false,
                                    "link": "/organics-baby-spinach/p/20305277_EA",
                                    "productVendor": null,
                                    "productVariant": null,
                                    "textBadge": "",
                                    "variantTheme": null,
                                    "articleNumber": "20305277",
                                    "uom": "EA",
                                    "sponsoredCreative": null,
                                    "isSponsored": false,
                                    "isComplementarySponsored": false,
                                    "complementarySponsoredBadgeText": null,
                                    "productBadge": null
                                },
                                {
                                    "index": 15,
                                    "productId": "21204386_EA",
                                    "productImage": [
                                        {
                                            "imageUrl": "https://assets.shop.loblaws.ca/products/21204386/b2/en/front/21204386_front_a06_@2.png",
                                            "smallUrl": "https://assets.shop.loblaws.ca/products/21204386/b1/en/front/21204386_front_a01_@2.png",
                                            "mediumUrl": "https://assets.shop.loblaws.ca/products/21204386/b3/en/front/21204386_front_a06_@2.png",
                                            "largeUrl": "https://assets.shop.loblaws.ca/products/21204386/b2/en/front/21204386_front_a06_@2.png",
                                            "smallRetinaUrl": "https://assets.shop.loblaws.ca/products/21204386/b1/en/front/21204386_front_a01_@2.png",
                                            "mediumRetinaUrl": "https://assets.shop.loblaws.ca/products/21204386/b3/en/front/21204386_front_a06_@2.png",
                                            "largeRetinaUrl": "https://assets.shop.loblaws.ca/products/21204386/b2/en/front/21204386_front_a06_@2.png"
                                        },
                                        {
                                            "imageUrl": "https://assets.shop.loblaws.ca/products/21204386/b2/en/angle/21204386_angle_a06_@2.png",
                                            "smallUrl": "https://assets.shop.loblaws.ca/products/21204386/b1/en/angle/21204386_angle_a01_@2.png",
                                            "mediumUrl": "https://assets.shop.loblaws.ca/products/21204386/b3/en/angle/21204386_angle_a06_@2.png",
                                            "largeUrl": "https://assets.shop.loblaws.ca/products/21204386/b2/en/angle/21204386_angle_a06_@2.png",
                                            "smallRetinaUrl": "https://assets.shop.loblaws.ca/products/21204386/b1/en/angle/21204386_angle_a01_@2.png",
                                            "mediumRetinaUrl": "https://assets.shop.loblaws.ca/products/21204386/b3/en/angle/21204386_angle_a06_@2.png",
                                            "largeRetinaUrl": "https://assets.shop.loblaws.ca/products/21204386/b2/en/angle/21204386_angle_a06_@2.png"
                                        },
                                        {
                                            "imageUrl": "https://assets.shop.loblaws.ca/products/21204386/b2/en/side/21204386_side_a06_@2.png",
                                            "smallUrl": "https://assets.shop.loblaws.ca/products/21204386/b1/en/side/21204386_side_a01_@2.png",
                                            "mediumUrl": "https://assets.shop.loblaws.ca/products/21204386/b3/en/side/21204386_side_a06_@2.png",
                                            "largeUrl": "https://assets.shop.loblaws.ca/products/21204386/b2/en/side/21204386_side_a06_@2.png",
                                            "smallRetinaUrl": "https://assets.shop.loblaws.ca/products/21204386/b1/en/side/21204386_side_a01_@2.png",
                                            "mediumRetinaUrl": "https://assets.shop.loblaws.ca/products/21204386/b3/en/side/21204386_side_a06_@2.png",
                                            "largeRetinaUrl": "https://assets.shop.loblaws.ca/products/21204386/b2/en/side/21204386_side_a06_@2.png"
                                        }
                                    ],
                                    "brand": "President's Choice",
                                    "title": "Baby Spinach",
                                    "description": null,
                                    "packageSizing": "0.312 kg, $1.92/100g",
                                    "pricing": {
                                        "price": "6.00",
                                        "wasPrice": null,
                                        "displayPrice": "$6.00",
                                        "memberOnlyPrice": null,
                                        "mopDisplayPrice": null
                                    },
                                    "pricingUnits": {
                                        "type": "SOLD_BY_EACH",
                                        "unit": "ea",
                                        "interval": 1,
                                        "minOrderQuantity": 1,
                                        "maxOrderQuantity": 25,
                                        "weighted": false
                                    },
                                    "deal": null,
                                    "mopDeal": null,
                                    "pcoDeal": null,
                                    "inventoryIndicator": null,
                                    "offerType": "OG",
                                    "offerId": "OG",
                                    "action": null,
                                    "isVariant": false,
                                    "link": "/baby-spinach/p/21204386_EA",
                                    "productVendor": null,
                                    "productVariant": null,
                                    "textBadge": "",
                                    "variantTheme": null,
                                    "articleNumber": "21204386",
                                    "uom": "EA",
                                    "sponsoredCreative": null,
                                    "isSponsored": false,
                                    "isComplementarySponsored": false,
                                    "complementarySponsoredBadgeText": null,
                                    "productBadge": null
                                },
                                {
                                    "index": 16,
                                    "productId": "21247301001_EA",
                                    "productImage": [
                                        {
                                            "imageUrl": "https://assets.shop.loblaws.ca/products/21247301001/b2/en/front/21247301001_front_a06_@2.png",
                                            "smallUrl": "https://assets.shop.loblaws.ca/products/21247301001/b1/en/front/21247301001_front_a01_@2.png",
                                            "mediumUrl": "https://assets.shop.loblaws.ca/products/21247301001/b3/en/front/21247301001_front_a06_@2.png",
                                            "largeUrl": "https://assets.shop.loblaws.ca/products/21247301001/b2/en/front/21247301001_front_a06_@2.png",
                                            "smallRetinaUrl": "https://assets.shop.loblaws.ca/products/21247301001/b1/en/front/21247301001_front_a01_@2.png",
                                            "mediumRetinaUrl": "https://assets.shop.loblaws.ca/products/21247301001/b3/en/front/21247301001_front_a06_@2.png",
                                            "largeRetinaUrl": "https://assets.shop.loblaws.ca/products/21247301001/b2/en/front/21247301001_front_a06_@2.png"
                                        },
                                        {
                                            "imageUrl": "https://assets.shop.loblaws.ca/products/21247301001/b2/en/angle/21247301001_angle_a06_@2.png",
                                            "smallUrl": "https://assets.shop.loblaws.ca/products/21247301001/b1/en/angle/21247301001_angle_a01_@2.png",
                                            "mediumUrl": "https://assets.shop.loblaws.ca/products/21247301001/b3/en/angle/21247301001_angle_a06_@2.png",
                                            "largeUrl": "https://assets.shop.loblaws.ca/products/21247301001/b2/en/angle/21247301001_angle_a06_@2.png",
                                            "smallRetinaUrl": "https://assets.shop.loblaws.ca/products/21247301001/b1/en/angle/21247301001_angle_a01_@2.png",
                                            "mediumRetinaUrl": "https://assets.shop.loblaws.ca/products/21247301001/b3/en/angle/21247301001_angle_a06_@2.png",
                                            "largeRetinaUrl": "https://assets.shop.loblaws.ca/products/21247301001/b2/en/angle/21247301001_angle_a06_@2.png"
                                        }
                                    ],
                                    "brand": "President's Choice",
                                    "title": "Mixed Little Gems",
                                    "description": "<p>Convenient and versatile pre-washed Mixed Little Gems are best grilled, boiled, or roasted. This bag includes a mix of red, yellow, and blue potatoes.</p>",
                                    "packageSizing": "0.68 kg, $0.73/100g",
                                    "pricing": {
                                        "price": "4.99",
                                        "wasPrice": null,
                                        "displayPrice": "$4.99",
                                        "memberOnlyPrice": null,
                                        "mopDisplayPrice": null
                                    },
                                    "pricingUnits": {
                                        "type": "SOLD_BY_EACH",
                                        "unit": "ea",
                                        "interval": 1,
                                        "minOrderQuantity": 1,
                                        "maxOrderQuantity": 25,
                                        "weighted": false
                                    },
                                    "deal": null,
                                    "mopDeal": null,
                                    "pcoDeal": null,
                                    "inventoryIndicator": null,
                                    "offerType": "OG",
                                    "offerId": "OG",
                                    "action": null,
                                    "isVariant": false,
                                    "link": "/mixed-little-gems/p/21247301001_EA",
                                    "productVendor": null,
                                    "productVariant": null,
                                    "textBadge": "",
                                    "variantTheme": null,
                                    "articleNumber": "21247301001",
                                    "uom": "EA",
                                    "sponsoredCreative": null,
                                    "isSponsored": false,
                                    "isComplementarySponsored": false,
                                    "complementarySponsoredBadgeText": null,
                                    "productBadge": null
                                },
                                {
                                    "index": 17,
                                    "productId": "20127207_EA",
                                    "productImage": [
                                        {
                                            "imageUrl": "https://assets.shop.loblaws.ca/products/20127207/b2/en/front/20127207_front_a06_@2.png",
                                            "smallUrl": "https://assets.shop.loblaws.ca/products/20127207/b1/en/front/20127207_front_a01_@2.png",
                                            "mediumUrl": "https://assets.shop.loblaws.ca/products/20127207/b3/en/front/20127207_front_a06_@2.png",
                                            "largeUrl": "https://assets.shop.loblaws.ca/products/20127207/b2/en/front/20127207_front_a06_@2.png",
                                            "smallRetinaUrl": "https://assets.shop.loblaws.ca/products/20127207/b1/en/front/20127207_front_a01_@2.png",
                                            "mediumRetinaUrl": "https://assets.shop.loblaws.ca/products/20127207/b3/en/front/20127207_front_a06_@2.png",
                                            "largeRetinaUrl": "https://assets.shop.loblaws.ca/products/20127207/b2/en/front/20127207_front_a06_@2.png"
                                        },
                                        {
                                            "imageUrl": "https://assets.shop.loblaws.ca/products/20127207/b2/en/angle/20127207_angle_a06_@2.png",
                                            "smallUrl": "https://assets.shop.loblaws.ca/products/20127207/b1/en/angle/20127207_angle_a01_@2.png",
                                            "mediumUrl": "https://assets.shop.loblaws.ca/products/20127207/b3/en/angle/20127207_angle_a06_@2.png",
                                            "largeUrl": "https://assets.shop.loblaws.ca/products/20127207/b2/en/angle/20127207_angle_a06_@2.png",
                                            "smallRetinaUrl": "https://assets.shop.loblaws.ca/products/20127207/b1/en/angle/20127207_angle_a01_@2.png",
                                            "mediumRetinaUrl": "https://assets.shop.loblaws.ca/products/20127207/b3/en/angle/20127207_angle_a06_@2.png",
                                            "largeRetinaUrl": "https://assets.shop.loblaws.ca/products/20127207/b2/en/angle/20127207_angle_a06_@2.png"
                                        },
                                        {
                                            "imageUrl": "https://assets.shop.loblaws.ca/products/20127207/b2/en/side/20127207_side_a06_@2.png",
                                            "smallUrl": "https://assets.shop.loblaws.ca/products/20127207/b1/en/side/20127207_side_a01_@2.png",
                                            "mediumUrl": "https://assets.shop.loblaws.ca/products/20127207/b3/en/side/20127207_side_a06_@2.png",
                                            "largeUrl": "https://assets.shop.loblaws.ca/products/20127207/b2/en/side/20127207_side_a06_@2.png",
                                            "smallRetinaUrl": "https://assets.shop.loblaws.ca/products/20127207/b1/en/side/20127207_side_a01_@2.png",
                                            "mediumRetinaUrl": "https://assets.shop.loblaws.ca/products/20127207/b3/en/side/20127207_side_a06_@2.png",
                                            "largeRetinaUrl": "https://assets.shop.loblaws.ca/products/20127207/b2/en/side/20127207_side_a06_@2.png"
                                        }
                                    ],
                                    "brand": "PC Organics",
                                    "title": "Organics Baby Spinach",
                                    "description": "<p>Organically grown and thoroughly washed Organics Baby Spinach is a convenient option when you're short on time and want to whip up a salad. This ready-to-eat spinach is also great in crepes, smoothies, and omelets.</p> ",
                                    "packageSizing": "312 g, $2.24/100g",
                                    "pricing": {
                                        "price": "7.00",
                                        "wasPrice": null,
                                        "displayPrice": "$7.00",
                                        "memberOnlyPrice": null,
                                        "mopDisplayPrice": null
                                    },
                                    "pricingUnits": {
                                        "type": "SOLD_BY_EACH",
                                        "unit": "ea",
                                        "interval": 1,
                                        "minOrderQuantity": 1,
                                        "maxOrderQuantity": 25,
                                        "weighted": false
                                    },
                                    "deal": null,
                                    "mopDeal": null,
                                    "pcoDeal": null,
                                    "inventoryIndicator": null,
                                    "offerType": "OG",
                                    "offerId": "OG",
                                    "action": null,
                                    "isVariant": false,
                                    "link": "/organics-baby-spinach/p/20127207_EA",
                                    "productVendor": null,
                                    "productVariant": null,
                                    "textBadge": "",
                                    "variantTheme": null,
                                    "articleNumber": "20127207",
                                    "uom": "EA",
                                    "sponsoredCreative": null,
                                    "isSponsored": false,
                                    "isComplementarySponsored": false,
                                    "complementarySponsoredBadgeText": null,
                                    "productBadge": null
                                },
                                {
                                    "index": 18,
                                    "productId": "21334801_EA",
                                    "productImage": [
                                        {
                                            "imageUrl": "https://assets.shop.loblaws.ca/products/21334801/b2/en/front/21334801_front_a06_@2.png",
                                            "smallUrl": "https://assets.shop.loblaws.ca/products/21334801/b1/en/front/21334801_front_a01_@2.png",
                                            "mediumUrl": "https://assets.shop.loblaws.ca/products/21334801/b3/en/front/21334801_front_a06_@2.png",
                                            "largeUrl": "https://assets.shop.loblaws.ca/products/21334801/b2/en/front/21334801_front_a06_@2.png",
                                            "smallRetinaUrl": "https://assets.shop.loblaws.ca/products/21334801/b1/en/front/21334801_front_a01_@2.png",
                                            "mediumRetinaUrl": "https://assets.shop.loblaws.ca/products/21334801/b3/en/front/21334801_front_a06_@2.png",
                                            "largeRetinaUrl": "https://assets.shop.loblaws.ca/products/21334801/b2/en/front/21334801_front_a06_@2.png"
                                        }
                                    ],
                                    "brand": "President's Choice",
                                    "title": "Caesar Salad Kit",
                                    "description": null,
                                    "packageSizing": "282 g, $2.12/100g",
                                    "pricing": {
                                        "price": "5.99",
                                        "wasPrice": null,
                                        "displayPrice": "$5.99",
                                        "memberOnlyPrice": null,
                                        "mopDisplayPrice": null
                                    },
                                    "pricingUnits": {
                                        "type": "SOLD_BY_EACH",
                                        "unit": "ea",
                                        "interval": 1,
                                        "minOrderQuantity": 1,
                                        "maxOrderQuantity": 25,
                                        "weighted": false
                                    },
                                    "deal": null,
                                    "mopDeal": null,
                                    "pcoDeal": null,
                                    "inventoryIndicator": null,
                                    "offerType": "OG",
                                    "offerId": "OG",
                                    "action": null,
                                    "isVariant": false,
                                    "link": "/caesar-salad-kit/p/21334801_EA",
                                    "productVendor": null,
                                    "productVariant": null,
                                    "textBadge": "",
                                    "variantTheme": null,
                                    "articleNumber": "21334801",
                                    "uom": "EA",
                                    "sponsoredCreative": null,
                                    "isSponsored": false,
                                    "isComplementarySponsored": false,
                                    "complementarySponsoredBadgeText": null,
                                    "productBadge": null
                                },
                                {
                                    "index": 19,
                                    "productId": "21204385_EA",
                                    "productImage": [
                                        {
                                            "imageUrl": "https://assets.shop.loblaws.ca/products/21204385/b2/en/front/21204385_front_a06_@2.png",
                                            "smallUrl": "https://assets.shop.loblaws.ca/products/21204385/b1/en/front/21204385_front_a01_@2.png",
                                            "mediumUrl": "https://assets.shop.loblaws.ca/products/21204385/b3/en/front/21204385_front_a06_@2.png",
                                            "largeUrl": "https://assets.shop.loblaws.ca/products/21204385/b2/en/front/21204385_front_a06_@2.png",
                                            "smallRetinaUrl": "https://assets.shop.loblaws.ca/products/21204385/b1/en/front/21204385_front_a01_@2.png",
                                            "mediumRetinaUrl": "https://assets.shop.loblaws.ca/products/21204385/b3/en/front/21204385_front_a06_@2.png",
                                            "largeRetinaUrl": "https://assets.shop.loblaws.ca/products/21204385/b2/en/front/21204385_front_a06_@2.png"
                                        },
                                        {
                                            "imageUrl": "https://assets.shop.loblaws.ca/products/21204385/b2/en/angle/21204385_angle_a06_@2.png",
                                            "smallUrl": "https://assets.shop.loblaws.ca/products/21204385/b1/en/angle/21204385_angle_a01_@2.png",
                                            "mediumUrl": "https://assets.shop.loblaws.ca/products/21204385/b3/en/angle/21204385_angle_a06_@2.png",
                                            "largeUrl": "https://assets.shop.loblaws.ca/products/21204385/b2/en/angle/21204385_angle_a06_@2.png",
                                            "smallRetinaUrl": "https://assets.shop.loblaws.ca/products/21204385/b1/en/angle/21204385_angle_a01_@2.png",
                                            "mediumRetinaUrl": "https://assets.shop.loblaws.ca/products/21204385/b3/en/angle/21204385_angle_a06_@2.png",
                                            "largeRetinaUrl": "https://assets.shop.loblaws.ca/products/21204385/b2/en/angle/21204385_angle_a06_@2.png"
                                        },
                                        {
                                            "imageUrl": "https://assets.shop.loblaws.ca/products/21204385/b2/en/side/21204385_side_a06_@2.png",
                                            "smallUrl": "https://assets.shop.loblaws.ca/products/21204385/b1/en/side/21204385_side_a01_@2.png",
                                            "mediumUrl": "https://assets.shop.loblaws.ca/products/21204385/b3/en/side/21204385_side_a06_@2.png",
                                            "largeUrl": "https://assets.shop.loblaws.ca/products/21204385/b2/en/side/21204385_side_a06_@2.png",
                                            "smallRetinaUrl": "https://assets.shop.loblaws.ca/products/21204385/b1/en/side/21204385_side_a01_@2.png",
                                            "mediumRetinaUrl": "https://assets.shop.loblaws.ca/products/21204385/b3/en/side/21204385_side_a06_@2.png",
                                            "largeRetinaUrl": "https://assets.shop.loblaws.ca/products/21204385/b2/en/side/21204385_side_a06_@2.png"
                                        }
                                    ],
                                    "brand": "President's Choice",
                                    "title": "Spring Mix",
                                    "description": null,
                                    "packageSizing": "0.312 kg, $1.92/100g",
                                    "pricing": {
                                        "price": "6.00",
                                        "wasPrice": null,
                                        "displayPrice": "$6.00",
                                        "memberOnlyPrice": null,
                                        "mopDisplayPrice": null
                                    },
                                    "pricingUnits": {
                                        "type": "SOLD_BY_EACH",
                                        "unit": "ea",
                                        "interval": 1,
                                        "minOrderQuantity": 1,
                                        "maxOrderQuantity": 25,
                                        "weighted": false
                                    },
                                    "deal": null,
                                    "mopDeal": null,
                                    "pcoDeal": null,
                                    "inventoryIndicator": null,
                                    "offerType": "OG",
                                    "offerId": "OG",
                                    "action": null,
                                    "isVariant": false,
                                    "link": "/spring-mix/p/21204385_EA",
                                    "productVendor": null,
                                    "productVariant": null,
                                    "textBadge": "",
                                    "variantTheme": null,
                                    "articleNumber": "21204385",
                                    "uom": "EA",
                                    "sponsoredCreative": null,
                                    "isSponsored": false,
                                    "isComplementarySponsored": false,
                                    "complementarySponsoredBadgeText": null,
                                    "productBadge": null
                                },
                                {
                                    "index": 20,
                                    "productId": "21247299001_EA",
                                    "productImage": [
                                        {
                                            "imageUrl": "https://assets.shop.loblaws.ca/products/21247299001/b2/en/front/21247299001_front_a06_@2.png",
                                            "smallUrl": "https://assets.shop.loblaws.ca/products/21247299001/b1/en/front/21247299001_front_a01_@2.png",
                                            "mediumUrl": "https://assets.shop.loblaws.ca/products/21247299001/b3/en/front/21247299001_front_a06_@2.png",
                                            "largeUrl": "https://assets.shop.loblaws.ca/products/21247299001/b2/en/front/21247299001_front_a06_@2.png",
                                            "smallRetinaUrl": "https://assets.shop.loblaws.ca/products/21247299001/b1/en/front/21247299001_front_a01_@2.png",
                                            "mediumRetinaUrl": "https://assets.shop.loblaws.ca/products/21247299001/b3/en/front/21247299001_front_a06_@2.png",
                                            "largeRetinaUrl": "https://assets.shop.loblaws.ca/products/21247299001/b2/en/front/21247299001_front_a06_@2.png"
                                        }
                                    ],
                                    "brand": "President's Choice",
                                    "title": "Ruby Little Gems Potatoes",
                                    "description": null,
                                    "packageSizing": "0.68 kg, $0.73/100g",
                                    "pricing": {
                                        "price": "4.99",
                                        "wasPrice": null,
                                        "displayPrice": "$4.99",
                                        "memberOnlyPrice": null,
                                        "mopDisplayPrice": null
                                    },
                                    "pricingUnits": {
                                        "type": "SOLD_BY_EACH",
                                        "unit": "ea",
                                        "interval": 1,
                                        "minOrderQuantity": 1,
                                        "maxOrderQuantity": 25,
                                        "weighted": false
                                    },
                                    "deal": null,
                                    "mopDeal": null,
                                    "pcoDeal": null,
                                    "inventoryIndicator": null,
                                    "offerType": "OG",
                                    "offerId": "OG",
                                    "action": null,
                                    "isVariant": false,
                                    "link": "/ruby-little-gems-potatoes/p/21247299001_EA",
                                    "productVendor": null,
                                    "productVariant": null,
                                    "textBadge": "",
                                    "variantTheme": null,
                                    "articleNumber": "21247299001",
                                    "uom": "EA",
                                    "sponsoredCreative": null,
                                    "isSponsored": false,
                                    "isComplementarySponsored": false,
                                    "complementarySponsoredBadgeText": null,
                                    "productBadge": null
                                },
                                {
                                    "index": 21,
                                    "productId": "20940014_EA",
                                    "productImage": [
                                        {
                                            "imageUrl": "https://assets.shop.loblaws.ca/products/20940014/b2/en/front/20940014_front_a06_@2.png",
                                            "smallUrl": "https://assets.shop.loblaws.ca/products/20940014/b1/en/front/20940014_front_a01_@2.png",
                                            "mediumUrl": "https://assets.shop.loblaws.ca/products/20940014/b3/en/front/20940014_front_a06_@2.png",
                                            "largeUrl": "https://assets.shop.loblaws.ca/products/20940014/b2/en/front/20940014_front_a06_@2.png",
                                            "smallRetinaUrl": "https://assets.shop.loblaws.ca/products/20940014/b1/en/front/20940014_front_a01_@2.png",
                                            "mediumRetinaUrl": "https://assets.shop.loblaws.ca/products/20940014/b3/en/front/20940014_front_a06_@2.png",
                                            "largeRetinaUrl": "https://assets.shop.loblaws.ca/products/20940014/b2/en/front/20940014_front_a06_@2.png"
                                        }
                                    ],
                                    "brand": "President's Choice",
                                    "title": "Salted California Pistachios",
                                    "description": "<p>Have you ever dreamed about the ideal pistachio \u2013 or is that just us? Our process starts with fresh, large nuts harvested in the central valley of California where the climate and soil is perfect for growing the best tasting pistachios. Next comes dry-roasting in the shell \u2013 without any oils added. And last comes a touch of sea salt to bring out their slightly sweet, nutty flavour. Put out a bowl \u2013 or pile on antipasto boards and cheese platters. And talk about sensible snacking \u2013 stash some in your gym and work bags, too.</p>",
                                    "packageSizing": "225 g, $2.66/100g",
                                    "pricing": {
                                        "price": "5.99",
                                        "wasPrice": null,
                                        "displayPrice": "$5.99",
                                        "memberOnlyPrice": null,
                                        "mopDisplayPrice": null
                                    },
                                    "pricingUnits": {
                                        "type": "SOLD_BY_EACH",
                                        "unit": "ea",
                                        "interval": 1,
                                        "minOrderQuantity": 1,
                                        "maxOrderQuantity": 25,
                                        "weighted": false
                                    },
                                    "deal": null,
                                    "mopDeal": null,
                                    "pcoDeal": null,
                                    "inventoryIndicator": null,
                                    "offerType": "OG",
                                    "offerId": "OG",
                                    "action": null,
                                    "isVariant": false,
                                    "link": "/salted-california-pistachios/p/20940014_EA",
                                    "productVendor": null,
                                    "productVariant": null,
                                    "textBadge": "",
                                    "variantTheme": null,
                                    "articleNumber": "20940014",
                                    "uom": "EA",
                                    "sponsoredCreative": null,
                                    "isSponsored": false,
                                    "isComplementarySponsored": false,
                                    "complementarySponsoredBadgeText": null,
                                    "productBadge": null
                                },
                                {
                                    "index": 22,
                                    "productId": "20314039_EA",
                                    "productImage": [
                                        {
                                            "imageUrl": "https://assets.shop.loblaws.ca/products/20314039/b2/en/front/20314039_front_a06_@2.png",
                                            "smallUrl": "https://assets.shop.loblaws.ca/products/20314039/b1/en/front/20314039_front_a01_@2.png",
                                            "mediumUrl": "https://assets.shop.loblaws.ca/products/20314039/b3/en/front/20314039_front_a06_@2.png",
                                            "largeUrl": "https://assets.shop.loblaws.ca/products/20314039/b2/en/front/20314039_front_a06_@2.png",
                                            "smallRetinaUrl": "https://assets.shop.loblaws.ca/products/20314039/b1/en/front/20314039_front_a01_@2.png",
                                            "mediumRetinaUrl": "https://assets.shop.loblaws.ca/products/20314039/b3/en/front/20314039_front_a06_@2.png",
                                            "largeRetinaUrl": "https://assets.shop.loblaws.ca/products/20314039/b2/en/front/20314039_front_a06_@2.png"
                                        },
                                        {
                                            "imageUrl": "https://assets.shop.loblaws.ca/products/20314039/b2/en/angle/20314039_angle_a06_@2.png",
                                            "smallUrl": "https://assets.shop.loblaws.ca/products/20314039/b1/en/angle/20314039_angle_a01_@2.png",
                                            "mediumUrl": "https://assets.shop.loblaws.ca/products/20314039/b3/en/angle/20314039_angle_a06_@2.png",
                                            "largeUrl": "https://assets.shop.loblaws.ca/products/20314039/b2/en/angle/20314039_angle_a06_@2.png",
                                            "smallRetinaUrl": "https://assets.shop.loblaws.ca/products/20314039/b1/en/angle/20314039_angle_a01_@2.png",
                                            "mediumRetinaUrl": "https://assets.shop.loblaws.ca/products/20314039/b3/en/angle/20314039_angle_a06_@2.png",
                                            "largeRetinaUrl": "https://assets.shop.loblaws.ca/products/20314039/b2/en/angle/20314039_angle_a06_@2.png"
                                        },
                                        {
                                            "imageUrl": "https://assets.shop.loblaws.ca/products/20314039/b2/en/side/20314039_side_a06_@2.png",
                                            "smallUrl": "https://assets.shop.loblaws.ca/products/20314039/b1/en/side/20314039_side_a01_@2.png",
                                            "mediumUrl": "https://assets.shop.loblaws.ca/products/20314039/b3/en/side/20314039_side_a06_@2.png",
                                            "largeUrl": "https://assets.shop.loblaws.ca/products/20314039/b2/en/side/20314039_side_a06_@2.png",
                                            "smallRetinaUrl": "https://assets.shop.loblaws.ca/products/20314039/b1/en/side/20314039_side_a01_@2.png",
                                            "mediumRetinaUrl": "https://assets.shop.loblaws.ca/products/20314039/b3/en/side/20314039_side_a06_@2.png",
                                            "largeRetinaUrl": "https://assets.shop.loblaws.ca/products/20314039/b2/en/side/20314039_side_a06_@2.png"
                                        }
                                    ],
                                    "brand": "PC Organics",
                                    "title": "Baby Arugula",
                                    "description": "We know a lot about greens, and our organically grown, trimmed and washed baby arugula\u00a0is our top pick \u2013 for great\u00a0flavour, for convenience and for all-round versatility. Its\u00a0subtle peppery-sweet\u00a0taste\u00a0lends itself to\u00a0loads of\u00a0options. What we would do: use\u00a0some\u00a0to make quick work of salads \u2013 as the star of the show or in more of a supporting role with mixed lettuces.\u00a0Stuff\u00a0fresh, tender leaves\u00a0in burgers and sandwiches. Scatter\u00a0by the handful\u00a0on pizzas\u00a0and\u00a0pastas. Cook in frittatas\u00a0to let delicate\u00a0flavours\u00a0sing.\u00a0What you should do: all of the above.\u00a0",
                                    "packageSizing": "142 g, $3.52/100g",
                                    "pricing": {
                                        "price": "5.00",
                                        "wasPrice": null,
                                        "displayPrice": "$5.00",
                                        "memberOnlyPrice": null,
                                        "mopDisplayPrice": null
                                    },
                                    "pricingUnits": {
                                        "type": "SOLD_BY_EACH",
                                        "unit": "ea",
                                        "interval": 1,
                                        "minOrderQuantity": 1,
                                        "maxOrderQuantity": 25,
                                        "weighted": false
                                    },
                                    "deal": null,
                                    "mopDeal": null,
                                    "pcoDeal": null,
                                    "inventoryIndicator": null,
                                    "offerType": "OG",
                                    "offerId": "OG",
                                    "action": null,
                                    "isVariant": false,
                                    "link": "/baby-arugula/p/20314039_EA",
                                    "productVendor": null,
                                    "productVariant": null,
                                    "textBadge": "",
                                    "variantTheme": null,
                                    "articleNumber": "20314039",
                                    "uom": "EA",
                                    "sponsoredCreative": null,
                                    "isSponsored": false,
                                    "isComplementarySponsored": false,
                                    "complementarySponsoredBadgeText": null,
                                    "productBadge": null
                                },
                                {
                                    "index": 23,
                                    "productId": "21203748_EA",
                                    "productImage": [
                                        {
                                            "imageUrl": "https://assets.shop.loblaws.ca/products/21203748/b2/en/front/21203748_front_a06_@2.png",
                                            "smallUrl": "https://assets.shop.loblaws.ca/products/21203748/b1/en/front/21203748_front_a01_@2.png",
                                            "mediumUrl": "https://assets.shop.loblaws.ca/products/21203748/b3/en/front/21203748_front_a06_@2.png",
                                            "largeUrl": "https://assets.shop.loblaws.ca/products/21203748/b2/en/front/21203748_front_a06_@2.png",
                                            "smallRetinaUrl": "https://assets.shop.loblaws.ca/products/21203748/b1/en/front/21203748_front_a01_@2.png",
                                            "mediumRetinaUrl": "https://assets.shop.loblaws.ca/products/21203748/b3/en/front/21203748_front_a06_@2.png",
                                            "largeRetinaUrl": "https://assets.shop.loblaws.ca/products/21203748/b2/en/front/21203748_front_a06_@2.png"
                                        },
                                        {
                                            "imageUrl": "https://assets.shop.loblaws.ca/products/21203748/b2/en/angle/21203748_angle_a06_@2.png",
                                            "smallUrl": "https://assets.shop.loblaws.ca/products/21203748/b1/en/angle/21203748_angle_a01_@2.png",
                                            "mediumUrl": "https://assets.shop.loblaws.ca/products/21203748/b3/en/angle/21203748_angle_a06_@2.png",
                                            "largeUrl": "https://assets.shop.loblaws.ca/products/21203748/b2/en/angle/21203748_angle_a06_@2.png",
                                            "smallRetinaUrl": "https://assets.shop.loblaws.ca/products/21203748/b1/en/angle/21203748_angle_a01_@2.png",
                                            "mediumRetinaUrl": "https://assets.shop.loblaws.ca/products/21203748/b3/en/angle/21203748_angle_a06_@2.png",
                                            "largeRetinaUrl": "https://assets.shop.loblaws.ca/products/21203748/b2/en/angle/21203748_angle_a06_@2.png"
                                        },
                                        {
                                            "imageUrl": "https://assets.shop.loblaws.ca/products/21203748/b2/en/side/21203748_side_a06_@2.png",
                                            "smallUrl": "https://assets.shop.loblaws.ca/products/21203748/b1/en/side/21203748_side_a01_@2.png",
                                            "mediumUrl": "https://assets.shop.loblaws.ca/products/21203748/b3/en/side/21203748_side_a06_@2.png",
                                            "largeUrl": "https://assets.shop.loblaws.ca/products/21203748/b2/en/side/21203748_side_a06_@2.png",
                                            "smallRetinaUrl": "https://assets.shop.loblaws.ca/products/21203748/b1/en/side/21203748_side_a01_@2.png",
                                            "mediumRetinaUrl": "https://assets.shop.loblaws.ca/products/21203748/b3/en/side/21203748_side_a06_@2.png",
                                            "largeRetinaUrl": "https://assets.shop.loblaws.ca/products/21203748/b2/en/side/21203748_side_a06_@2.png"
                                        }
                                    ],
                                    "brand": "President's Choice",
                                    "title": "Spring Mix",
                                    "description": null,
                                    "packageSizing": "0.142 kg, $2.82/100g",
                                    "pricing": {
                                        "price": "4.00",
                                        "wasPrice": null,
                                        "displayPrice": "$4.00",
                                        "memberOnlyPrice": null,
                                        "mopDisplayPrice": null
                                    },
                                    "pricingUnits": {
                                        "type": "SOLD_BY_EACH",
                                        "unit": "ea",
                                        "interval": 1,
                                        "minOrderQuantity": 1,
                                        "maxOrderQuantity": 25,
                                        "weighted": false
                                    },
                                    "deal": null,
                                    "mopDeal": null,
                                    "pcoDeal": null,
                                    "inventoryIndicator": null,
                                    "offerType": "OG",
                                    "offerId": "OG",
                                    "action": null,
                                    "isVariant": false,
                                    "link": "/spring-mix/p/21203748_EA",
                                    "productVendor": null,
                                    "productVariant": null,
                                    "textBadge": "",
                                    "variantTheme": null,
                                    "articleNumber": "21203748",
                                    "uom": "EA",
                                    "sponsoredCreative": null,
                                    "isSponsored": false,
                                    "isComplementarySponsored": false,
                                    "complementarySponsoredBadgeText": null,
                                    "productBadge": null
                                },
                                {
                                    "index": 24,
                                    "productId": "20323751_EA",
                                    "productImage": [
                                        {
                                            "imageUrl": "https://assets.shop.loblaws.ca/products/20323751/b2/en/front/20323751_front_a06_@2.png",
                                            "smallUrl": "https://assets.shop.loblaws.ca/products/20323751/b1/en/front/20323751_front_a01_@2.png",
                                            "mediumUrl": "https://assets.shop.loblaws.ca/products/20323751/b3/en/front/20323751_front_a06_@2.png",
                                            "largeUrl": "https://assets.shop.loblaws.ca/products/20323751/b2/en/front/20323751_front_a06_@2.png",
                                            "smallRetinaUrl": "https://assets.shop.loblaws.ca/products/20323751/b1/en/front/20323751_front_a01_@2.png",
                                            "mediumRetinaUrl": "https://assets.shop.loblaws.ca/products/20323751/b3/en/front/20323751_front_a06_@2.png",
                                            "largeRetinaUrl": "https://assets.shop.loblaws.ca/products/20323751/b2/en/front/20323751_front_a06_@2.png"
                                        },
                                        {
                                            "imageUrl": "https://assets.shop.loblaws.ca/products/20323751/b2/en/angle/20323751_angle_a06_@2.png",
                                            "smallUrl": "https://assets.shop.loblaws.ca/products/20323751/b1/en/angle/20323751_angle_a01_@2.png",
                                            "mediumUrl": "https://assets.shop.loblaws.ca/products/20323751/b3/en/angle/20323751_angle_a06_@2.png",
                                            "largeUrl": "https://assets.shop.loblaws.ca/products/20323751/b2/en/angle/20323751_angle_a06_@2.png",
                                            "smallRetinaUrl": "https://assets.shop.loblaws.ca/products/20323751/b1/en/angle/20323751_angle_a01_@2.png",
                                            "mediumRetinaUrl": "https://assets.shop.loblaws.ca/products/20323751/b3/en/angle/20323751_angle_a06_@2.png",
                                            "largeRetinaUrl": "https://assets.shop.loblaws.ca/products/20323751/b2/en/angle/20323751_angle_a06_@2.png"
                                        },
                                        {
                                            "imageUrl": "https://assets.shop.loblaws.ca/products/20323751/b2/en/side/20323751_side_a06_@2.png",
                                            "smallUrl": "https://assets.shop.loblaws.ca/products/20323751/b1/en/side/20323751_side_a01_@2.png",
                                            "mediumUrl": "https://assets.shop.loblaws.ca/products/20323751/b3/en/side/20323751_side_a06_@2.png",
                                            "largeUrl": "https://assets.shop.loblaws.ca/products/20323751/b2/en/side/20323751_side_a06_@2.png",
                                            "smallRetinaUrl": "https://assets.shop.loblaws.ca/products/20323751/b1/en/side/20323751_side_a01_@2.png",
                                            "mediumRetinaUrl": "https://assets.shop.loblaws.ca/products/20323751/b3/en/side/20323751_side_a06_@2.png",
                                            "largeRetinaUrl": "https://assets.shop.loblaws.ca/products/20323751/b2/en/side/20323751_side_a06_@2.png"
                                        }
                                    ],
                                    "brand": "PC Organics",
                                    "title": "Field Greens Salad Mix",
                                    "description": "<p>Organics Field Greens Salad Mix makes dinner get-togethers easy and delicious. Already thoroughly washed, just throw the salad mix into a serving bowl with your favourite chopped vegetables and serve.</p>",
                                    "packageSizing": "312 g, $2.24/100g",
                                    "pricing": {
                                        "price": "7.00",
                                        "wasPrice": null,
                                        "displayPrice": "$7.00",
                                        "memberOnlyPrice": null,
                                        "mopDisplayPrice": null
                                    },
                                    "pricingUnits": {
                                        "type": "SOLD_BY_EACH",
                                        "unit": "ea",
                                        "interval": 1,
                                        "minOrderQuantity": 1,
                                        "maxOrderQuantity": 25,
                                        "weighted": false
                                    },
                                    "deal": null,
                                    "mopDeal": null,
                                    "pcoDeal": null,
                                    "inventoryIndicator": null,
                                    "offerType": "OG",
                                    "offerId": "OG",
                                    "action": null,
                                    "isVariant": false,
                                    "link": "/field-greens-salad-mix/p/20323751_EA",
                                    "productVendor": null,
                                    "productVariant": null,
                                    "textBadge": "",
                                    "variantTheme": null,
                                    "articleNumber": "20323751",
                                    "uom": "EA",
                                    "sponsoredCreative": null,
                                    "isSponsored": false,
                                    "isComplementarySponsored": false,
                                    "complementarySponsoredBadgeText": null,
                                    "productBadge": null
                                },
                                {
                                    "index": 25,
                                    "productId": "20312523_EA",
                                    "productImage": [
                                        {
                                            "imageUrl": "https://assets.shop.loblaws.ca/products/20312523/b2/en/front/20312523_front_a06_@2.png",
                                            "smallUrl": "https://assets.shop.loblaws.ca/products/20312523/b1/en/front/20312523_front_a01_@2.png",
                                            "mediumUrl": "https://assets.shop.loblaws.ca/products/20312523/b3/en/front/20312523_front_a06_@2.png",
                                            "largeUrl": "https://assets.shop.loblaws.ca/products/20312523/b2/en/front/20312523_front_a06_@2.png",
                                            "smallRetinaUrl": "https://assets.shop.loblaws.ca/products/20312523/b1/en/front/20312523_front_a01_@2.png",
                                            "mediumRetinaUrl": "https://assets.shop.loblaws.ca/products/20312523/b3/en/front/20312523_front_a06_@2.png",
                                            "largeRetinaUrl": "https://assets.shop.loblaws.ca/products/20312523/b2/en/front/20312523_front_a06_@2.png"
                                        },
                                        {
                                            "imageUrl": "https://assets.shop.loblaws.ca/products/20312523/b2/en/angle/20312523_angle_a06_@2.png",
                                            "smallUrl": "https://assets.shop.loblaws.ca/products/20312523/b1/en/angle/20312523_angle_a01_@2.png",
                                            "mediumUrl": "https://assets.shop.loblaws.ca/products/20312523/b3/en/angle/20312523_angle_a06_@2.png",
                                            "largeUrl": "https://assets.shop.loblaws.ca/products/20312523/b2/en/angle/20312523_angle_a06_@2.png",
                                            "smallRetinaUrl": "https://assets.shop.loblaws.ca/products/20312523/b1/en/angle/20312523_angle_a01_@2.png",
                                            "mediumRetinaUrl": "https://assets.shop.loblaws.ca/products/20312523/b3/en/angle/20312523_angle_a06_@2.png",
                                            "largeRetinaUrl": "https://assets.shop.loblaws.ca/products/20312523/b2/en/angle/20312523_angle_a06_@2.png"
                                        },
                                        {
                                            "imageUrl": "https://assets.shop.loblaws.ca/products/20312523/b2/en/side/20312523_side_a06_@2.png",
                                            "smallUrl": "https://assets.shop.loblaws.ca/products/20312523/b1/en/side/20312523_side_a01_@2.png",
                                            "mediumUrl": "https://assets.shop.loblaws.ca/products/20312523/b3/en/side/20312523_side_a06_@2.png",
                                            "largeUrl": "https://assets.shop.loblaws.ca/products/20312523/b2/en/side/20312523_side_a06_@2.png",
                                            "smallRetinaUrl": "https://assets.shop.loblaws.ca/products/20312523/b1/en/side/20312523_side_a01_@2.png",
                                            "mediumRetinaUrl": "https://assets.shop.loblaws.ca/products/20312523/b3/en/side/20312523_side_a06_@2.png",
                                            "largeRetinaUrl": "https://assets.shop.loblaws.ca/products/20312523/b2/en/side/20312523_side_a06_@2.png"
                                        }
                                    ],
                                    "brand": "PC Organics",
                                    "title": "Field Greens Salad Mix",
                                    "description": "<p>Toss Organics Field Greens Salad Mix with a light vinaigrette or creamy salad dressing for the perfect side. This thoroughly-washed mix is a ready-to-use base for loaded or simple salads.</p>",
                                    "packageSizing": "142 g, $3.52/100g",
                                    "pricing": {
                                        "price": "5.00",
                                        "wasPrice": null,
                                        "displayPrice": "$5.00",
                                        "memberOnlyPrice": null,
                                        "mopDisplayPrice": null
                                    },
                                    "pricingUnits": {
                                        "type": "SOLD_BY_EACH",
                                        "unit": "ea",
                                        "interval": 1,
                                        "minOrderQuantity": 1,
                                        "maxOrderQuantity": 25,
                                        "weighted": false
                                    },
                                    "deal": null,
                                    "mopDeal": null,
                                    "pcoDeal": null,
                                    "inventoryIndicator": null,
                                    "offerType": "OG",
                                    "offerId": "OG",
                                    "action": null,
                                    "isVariant": false,
                                    "link": "/field-greens-salad-mix/p/20312523_EA",
                                    "productVendor": null,
                                    "productVariant": null,
                                    "textBadge": "",
                                    "variantTheme": null,
                                    "articleNumber": "20312523",
                                    "uom": "EA",
                                    "sponsoredCreative": null,
                                    "isSponsored": false,
                                    "isComplementarySponsored": false,
                                    "complementarySponsoredBadgeText": null,
                                    "productBadge": null
                                },
                                {
                                    "index": 26,
                                    "productId": "21378085_EA",
                                    "productImage": [
                                        {
                                            "imageUrl": "https://assets.shop.loblaws.ca/products/21378085/b2/en/front/21378085_front_a06_@2.png",
                                            "smallUrl": "https://assets.shop.loblaws.ca/products/21378085/b1/en/front/21378085_front_a01_@2.png",
                                            "mediumUrl": "https://assets.shop.loblaws.ca/products/21378085/b3/en/front/21378085_front_a06_@2.png",
                                            "largeUrl": "https://assets.shop.loblaws.ca/products/21378085/b2/en/front/21378085_front_a06_@2.png",
                                            "smallRetinaUrl": "https://assets.shop.loblaws.ca/products/21378085/b1/en/front/21378085_front_a01_@2.png",
                                            "mediumRetinaUrl": "https://assets.shop.loblaws.ca/products/21378085/b3/en/front/21378085_front_a06_@2.png",
                                            "largeRetinaUrl": "https://assets.shop.loblaws.ca/products/21378085/b2/en/front/21378085_front_a06_@2.png"
                                        }
                                    ],
                                    "brand": "President's Choice",
                                    "title": "Caesar Salad Chop Kit",
                                    "description": null,
                                    "packageSizing": "298 g, $2.35/100g",
                                    "pricing": {
                                        "price": "6.99",
                                        "wasPrice": null,
                                        "displayPrice": "$6.99",
                                        "memberOnlyPrice": null,
                                        "mopDisplayPrice": null
                                    },
                                    "pricingUnits": {
                                        "type": "SOLD_BY_EACH",
                                        "unit": "ea",
                                        "interval": 1,
                                        "minOrderQuantity": 1,
                                        "maxOrderQuantity": 25,
                                        "weighted": false
                                    },
                                    "deal": {
                                        "type": "MULTI",
                                        "text": "$6.00 MIN 2",
                                        "points": 0,
                                        "name": "MULTI",
                                        "expiryDate": "2024-07-10T00:00:00Z",
                                        "dealPrice": null
                                    },
                                    "mopDeal": null,
                                    "pcoDeal": null,
                                    "inventoryIndicator": null,
                                    "offerType": "OG",
                                    "offerId": "OG",
                                    "action": null,
                                    "isVariant": false,
                                    "link": "/caesar-salad-chop-kit/p/21378085_EA",
                                    "productVendor": null,
                                    "productVariant": null,
                                    "textBadge": "",
                                    "variantTheme": null,
                                    "articleNumber": "21378085",
                                    "uom": "EA",
                                    "sponsoredCreative": null,
                                    "isSponsored": false,
                                    "isComplementarySponsored": false,
                                    "complementarySponsoredBadgeText": null,
                                    "productBadge": null
                                },
                                {
                                    "index": 27,
                                    "productId": "21378071_EA",
                                    "productImage": [
                                        {
                                            "imageUrl": "https://assets.shop.loblaws.ca/products/21378071/b2/en/front/21378071_front_a06_@2.png",
                                            "smallUrl": "https://assets.shop.loblaws.ca/products/21378071/b1/en/front/21378071_front_a01_@2.png",
                                            "mediumUrl": "https://assets.shop.loblaws.ca/products/21378071/b3/en/front/21378071_front_a06_@2.png",
                                            "largeUrl": "https://assets.shop.loblaws.ca/products/21378071/b2/en/front/21378071_front_a06_@2.png",
                                            "smallRetinaUrl": "https://assets.shop.loblaws.ca/products/21378071/b1/en/front/21378071_front_a01_@2.png",
                                            "mediumRetinaUrl": "https://assets.shop.loblaws.ca/products/21378071/b3/en/front/21378071_front_a06_@2.png",
                                            "largeRetinaUrl": "https://assets.shop.loblaws.ca/products/21378071/b2/en/front/21378071_front_a06_@2.png"
                                        }
                                    ],
                                    "brand": "President's Choice",
                                    "title": "Chipotle Ranch Chop Salad Kit",
                                    "description": null,
                                    "packageSizing": "340 g, $2.06/100g",
                                    "pricing": {
                                        "price": "6.99",
                                        "wasPrice": null,
                                        "displayPrice": "$6.99",
                                        "memberOnlyPrice": null,
                                        "mopDisplayPrice": null
                                    },
                                    "pricingUnits": {
                                        "type": "SOLD_BY_EACH",
                                        "unit": "ea",
                                        "interval": 1,
                                        "minOrderQuantity": 1,
                                        "maxOrderQuantity": 25,
                                        "weighted": false
                                    },
                                    "deal": {
                                        "type": "MULTI",
                                        "text": "$6.00 MIN 2",
                                        "points": 0,
                                        "name": "MULTI",
                                        "expiryDate": "2024-07-10T00:00:00Z",
                                        "dealPrice": null
                                    },
                                    "mopDeal": null,
                                    "pcoDeal": null,
                                    "inventoryIndicator": null,
                                    "offerType": "OG",
                                    "offerId": "OG",
                                    "action": null,
                                    "isVariant": false,
                                    "link": "/chipotle-ranch-chop-salad-kit/p/21378071_EA",
                                    "productVendor": null,
                                    "productVariant": null,
                                    "textBadge": "",
                                    "variantTheme": null,
                                    "articleNumber": "21378071",
                                    "uom": "EA",
                                    "sponsoredCreative": null,
                                    "isSponsored": false,
                                    "isComplementarySponsored": false,
                                    "complementarySponsoredBadgeText": null,
                                    "productBadge": null
                                },
                                {
                                    "index": 28,
                                    "productId": "21184798_EA",
                                    "productImage": [
                                        {
                                            "imageUrl": "https://assets.shop.loblaws.ca/products/21184798/b2/en/front/21184798_front_a06_@2.png",
                                            "smallUrl": "https://assets.shop.loblaws.ca/products/21184798/b1/en/front/21184798_front_a01_@2.png",
                                            "mediumUrl": "https://assets.shop.loblaws.ca/products/21184798/b3/en/front/21184798_front_a06_@2.png",
                                            "largeUrl": "https://assets.shop.loblaws.ca/products/21184798/b2/en/front/21184798_front_a06_@2.png",
                                            "smallRetinaUrl": "https://assets.shop.loblaws.ca/products/21184798/b1/en/front/21184798_front_a01_@2.png",
                                            "mediumRetinaUrl": "https://assets.shop.loblaws.ca/products/21184798/b3/en/front/21184798_front_a06_@2.png",
                                            "largeRetinaUrl": "https://assets.shop.loblaws.ca/products/21184798/b2/en/front/21184798_front_a06_@2.png"
                                        }
                                    ],
                                    "brand": "President's Choice",
                                    "title": "Basil",
                                    "description": null,
                                    "packageSizing": "28 g",
                                    "pricing": {
                                        "price": "2.99",
                                        "wasPrice": null,
                                        "displayPrice": "$2.99",
                                        "memberOnlyPrice": null,
                                        "mopDisplayPrice": null
                                    },
                                    "pricingUnits": {
                                        "type": "SOLD_BY_EACH",
                                        "unit": "ea",
                                        "interval": 1,
                                        "minOrderQuantity": 1,
                                        "maxOrderQuantity": 25,
                                        "weighted": false
                                    },
                                    "deal": null,
                                    "mopDeal": null,
                                    "pcoDeal": null,
                                    "inventoryIndicator": null,
                                    "offerType": "OG",
                                    "offerId": "OG",
                                    "action": null,
                                    "isVariant": false,
                                    "link": "/basil/p/21184798_EA",
                                    "productVendor": null,
                                    "productVariant": null,
                                    "textBadge": "",
                                    "variantTheme": null,
                                    "articleNumber": "21184798",
                                    "uom": "EA",
                                    "sponsoredCreative": null,
                                    "isSponsored": false,
                                    "isComplementarySponsored": false,
                                    "complementarySponsoredBadgeText": null,
                                    "productBadge": null
                                },
                                {
                                    "index": 29,
                                    "productId": "21378122_EA",
                                    "productImage": [
                                        {
                                            "imageUrl": "https://assets.shop.loblaws.ca/products/21378122/b2/en/front/21378122_front_a06_@2.png",
                                            "smallUrl": "https://assets.shop.loblaws.ca/products/21378122/b1/en/front/21378122_front_a01_@2.png",
                                            "mediumUrl": "https://assets.shop.loblaws.ca/products/21378122/b3/en/front/21378122_front_a06_@2.png",
                                            "largeUrl": "https://assets.shop.loblaws.ca/products/21378122/b2/en/front/21378122_front_a06_@2.png",
                                            "smallRetinaUrl": "https://assets.shop.loblaws.ca/products/21378122/b1/en/front/21378122_front_a01_@2.png",
                                            "mediumRetinaUrl": "https://assets.shop.loblaws.ca/products/21378122/b3/en/front/21378122_front_a06_@2.png",
                                            "largeRetinaUrl": "https://assets.shop.loblaws.ca/products/21378122/b2/en/front/21378122_front_a06_@2.png"
                                        }
                                    ],
                                    "brand": "President's Choice",
                                    "title": "Loads Of Garlic Caesar Salad Kit",
                                    "description": "  Romaine lettuce,  dressing, croutons, parmesan & romano cheeses, garlic pepper  seasoning<br>    <br>    With PC\u00ae Loads of Garlic Caesar Dressing<br>    <br>    Thoroughly washed<br>    <br>    No artificial flavours or synthetic colours\u2021<br>    \u2021As defined in Canadian regulations.<br>    <br>    An extra garlicky take on the classic Caesar salad and so easy to make -  with crisp romaine lettuce, PC\u00ae Loads of Garlic Caesar Dressing, croutons,  parmesan and romano cheeses, and garlic pepper seasoning.",
                                    "packageSizing": "319 g, $2.19/100g",
                                    "pricing": {
                                        "price": "6.99",
                                        "wasPrice": null,
                                        "displayPrice": "$6.99",
                                        "memberOnlyPrice": null,
                                        "mopDisplayPrice": null
                                    },
                                    "pricingUnits": {
                                        "type": "SOLD_BY_EACH",
                                        "unit": "ea",
                                        "interval": 1,
                                        "minOrderQuantity": 1,
                                        "maxOrderQuantity": 25,
                                        "weighted": false
                                    },
                                    "deal": {
                                        "type": "MULTI",
                                        "text": "$6.00 MIN 2",
                                        "points": 0,
                                        "name": "MULTI",
                                        "expiryDate": "2024-07-10T00:00:00Z",
                                        "dealPrice": null
                                    },
                                    "mopDeal": null,
                                    "pcoDeal": null,
                                    "inventoryIndicator": null,
                                    "offerType": "OG",
                                    "offerId": "OG",
                                    "action": null,
                                    "isVariant": false,
                                    "link": "/loads-of-garlic-caesar-salad-kit/p/21378122_EA",
                                    "productVendor": null,
                                    "productVariant": null,
                                    "textBadge": "",
                                    "variantTheme": null,
                                    "articleNumber": "21378122",
                                    "uom": "EA",
                                    "sponsoredCreative": null,
                                    "isSponsored": false,
                                    "isComplementarySponsored": false,
                                    "complementarySponsoredBadgeText": null,
                                    "productBadge": null
                                },
                                {
                                    "index": 30,
                                    "productId": "21333977_EA",
                                    "productImage": [
                                        {
                                            "imageUrl": "https://assets.shop.loblaws.ca/products/21333977/b2/en/front/21333977_front_a06_@2.png",
                                            "smallUrl": "https://assets.shop.loblaws.ca/products/21333977/b1/en/front/21333977_front_a01_@2.png",
                                            "mediumUrl": "https://assets.shop.loblaws.ca/products/21333977/b3/en/front/21333977_front_a06_@2.png",
                                            "largeUrl": "https://assets.shop.loblaws.ca/products/21333977/b2/en/front/21333977_front_a06_@2.png",
                                            "smallRetinaUrl": "https://assets.shop.loblaws.ca/products/21333977/b1/en/front/21333977_front_a01_@2.png",
                                            "mediumRetinaUrl": "https://assets.shop.loblaws.ca/products/21333977/b3/en/front/21333977_front_a06_@2.png",
                                            "largeRetinaUrl": "https://assets.shop.loblaws.ca/products/21333977/b2/en/front/21333977_front_a06_@2.png"
                                        }
                                    ],
                                    "brand": "PC Blue Menu",
                                    "title": "Caesar Salad Kit",
                                    "description": "Dinner\u2019s almost ready and you\u2019ve left the Caesar salad to the last minute because you can. You\u2019re smart enough to have a prewashed salad kit chilling in the fridge. What's even more brilliant is that it has 50% less fat than a regular PC Caesar Kit. You\u2019ll just empty it into a bowl, give it a couple of expert tosses, then down a forkful of crisp romaine and herbed croutons covered in a creamy Caesar dressing. How easy was that?",
                                    "packageSizing": "282 g, $2.29/100g",
                                    "pricing": {
                                        "price": "6.49",
                                        "wasPrice": null,
                                        "displayPrice": "$6.49",
                                        "memberOnlyPrice": null,
                                        "mopDisplayPrice": null
                                    },
                                    "pricingUnits": {
                                        "type": "SOLD_BY_EACH",
                                        "unit": "ea",
                                        "interval": 1,
                                        "minOrderQuantity": 1,
                                        "maxOrderQuantity": 25,
                                        "weighted": false
                                    },
                                    "deal": null,
                                    "mopDeal": null,
                                    "pcoDeal": null,
                                    "inventoryIndicator": null,
                                    "offerType": "OG",
                                    "offerId": "OG",
                                    "action": null,
                                    "isVariant": false,
                                    "link": "/caesar-salad-kit/p/21333977_EA",
                                    "productVendor": null,
                                    "productVariant": null,
                                    "textBadge": "",
                                    "variantTheme": null,
                                    "articleNumber": "21333977",
                                    "uom": "EA",
                                    "sponsoredCreative": null,
                                    "isSponsored": false,
                                    "isComplementarySponsored": false,
                                    "complementarySponsoredBadgeText": null,
                                    "productBadge": null
                                },
                                {
                                    "index": 31,
                                    "productId": "21378024_EA",
                                    "productImage": [
                                        {
                                            "imageUrl": "https://assets.shop.loblaws.ca/products/21378024/b2/en/front/21378024_front_a06_@2.png",
                                            "smallUrl": "https://assets.shop.loblaws.ca/products/21378024/b1/en/front/21378024_front_a01_@2.png",
                                            "mediumUrl": "https://assets.shop.loblaws.ca/products/21378024/b3/en/front/21378024_front_a06_@2.png",
                                            "largeUrl": "https://assets.shop.loblaws.ca/products/21378024/b2/en/front/21378024_front_a06_@2.png",
                                            "smallRetinaUrl": "https://assets.shop.loblaws.ca/products/21378024/b1/en/front/21378024_front_a01_@2.png",
                                            "mediumRetinaUrl": "https://assets.shop.loblaws.ca/products/21378024/b3/en/front/21378024_front_a06_@2.png",
                                            "largeRetinaUrl": "https://assets.shop.loblaws.ca/products/21378024/b2/en/front/21378024_front_a06_@2.png"
                                        }
                                    ],
                                    "brand": "President's Choice",
                                    "title": "Bacon Caesar Chop Salad Kit",
                                    "description": null,
                                    "packageSizing": "326 g, $2.14/100g",
                                    "pricing": {
                                        "price": "6.99",
                                        "wasPrice": null,
                                        "displayPrice": "$6.99",
                                        "memberOnlyPrice": null,
                                        "mopDisplayPrice": null
                                    },
                                    "pricingUnits": {
                                        "type": "SOLD_BY_EACH",
                                        "unit": "ea",
                                        "interval": 1,
                                        "minOrderQuantity": 1,
                                        "maxOrderQuantity": 25,
                                        "weighted": false
                                    },
                                    "deal": {
                                        "type": "MULTI",
                                        "text": "$6.00 MIN 2",
                                        "points": 0,
                                        "name": "MULTI",
                                        "expiryDate": "2024-07-10T00:00:00Z",
                                        "dealPrice": null
                                    },
                                    "mopDeal": null,
                                    "pcoDeal": null,
                                    "inventoryIndicator": null,
                                    "offerType": "OG",
                                    "offerId": "OG",
                                    "action": null,
                                    "isVariant": false,
                                    "link": "/bacon-caesar-chop-salad-kit/p/21378024_EA",
                                    "productVendor": null,
                                    "productVariant": null,
                                    "textBadge": "",
                                    "variantTheme": null,
                                    "articleNumber": "21378024",
                                    "uom": "EA",
                                    "sponsoredCreative": null,
                                    "isSponsored": false,
                                    "isComplementarySponsored": false,
                                    "complementarySponsoredBadgeText": null,
                                    "productBadge": null
                                },
                                {
                                    "index": 32,
                                    "productId": "21448996_EA",
                                    "productImage": [
                                        {
                                            "imageUrl": "https://assets.shop.loblaws.ca/products/21448996/b2/en/front/21448996_front_a06_@2.png",
                                            "smallUrl": "https://assets.shop.loblaws.ca/products/21448996/b1/en/front/21448996_front_a01_@2.png",
                                            "mediumUrl": "https://assets.shop.loblaws.ca/products/21448996/b3/en/front/21448996_front_a06_@2.png",
                                            "largeUrl": "https://assets.shop.loblaws.ca/products/21448996/b2/en/front/21448996_front_a06_@2.png",
                                            "smallRetinaUrl": "https://assets.shop.loblaws.ca/products/21448996/b1/en/front/21448996_front_a01_@2.png",
                                            "mediumRetinaUrl": "https://assets.shop.loblaws.ca/products/21448996/b3/en/front/21448996_front_a06_@2.png",
                                            "largeRetinaUrl": "https://assets.shop.loblaws.ca/products/21448996/b2/en/front/21448996_front_a06_@2.png"
                                        },
                                        {
                                            "imageUrl": "https://assets.shop.loblaws.ca/products/21448996/b2/en/angle/21448996_angle_a06_@2.png",
                                            "smallUrl": "https://assets.shop.loblaws.ca/products/21448996/b1/en/angle/21448996_angle_a01_@2.png",
                                            "mediumUrl": "https://assets.shop.loblaws.ca/products/21448996/b3/en/angle/21448996_angle_a06_@2.png",
                                            "largeUrl": "https://assets.shop.loblaws.ca/products/21448996/b2/en/angle/21448996_angle_a06_@2.png",
                                            "smallRetinaUrl": "https://assets.shop.loblaws.ca/products/21448996/b1/en/angle/21448996_angle_a01_@2.png",
                                            "mediumRetinaUrl": "https://assets.shop.loblaws.ca/products/21448996/b3/en/angle/21448996_angle_a06_@2.png",
                                            "largeRetinaUrl": "https://assets.shop.loblaws.ca/products/21448996/b2/en/angle/21448996_angle_a06_@2.png"
                                        }
                                    ],
                                    "brand": "President's Choice",
                                    "title": "Chopped Mexican Style Street Corn Salad Kit",
                                    "description": "<p>Putting together a salad is easy with Chopped Mexican Style Street Corn Salad Kit. This kit includes broccoli, green leaf lettuce, red cabbage, Savoy cabbage, carrots, green onions, cotija crumble, smoked paprika crouton crumble, freeze-dried corn, and creamy elote dressing.</p>",
                                    "packageSizing": "285 g, $2.45/100g",
                                    "pricing": {
                                        "price": "6.99",
                                        "wasPrice": null,
                                        "displayPrice": "$6.99",
                                        "memberOnlyPrice": null,
                                        "mopDisplayPrice": null
                                    },
                                    "pricingUnits": {
                                        "type": "SOLD_BY_EACH",
                                        "unit": "ea",
                                        "interval": 1,
                                        "minOrderQuantity": 1,
                                        "maxOrderQuantity": 25,
                                        "weighted": false
                                    },
                                    "deal": {
                                        "type": "MULTI",
                                        "text": "$6.00 MIN 2",
                                        "points": 0,
                                        "name": "MULTI",
                                        "expiryDate": "2024-07-10T00:00:00Z",
                                        "dealPrice": null
                                    },
                                    "mopDeal": null,
                                    "pcoDeal": null,
                                    "inventoryIndicator": null,
                                    "offerType": "OG",
                                    "offerId": "OG",
                                    "action": null,
                                    "isVariant": false,
                                    "link": "/chopped-mexican-style-street-corn-salad-kit/p/21448996_EA",
                                    "productVendor": null,
                                    "productVariant": null,
                                    "textBadge": "",
                                    "variantTheme": null,
                                    "articleNumber": "21448996",
                                    "uom": "EA",
                                    "sponsoredCreative": null,
                                    "isSponsored": false,
                                    "isComplementarySponsored": false,
                                    "complementarySponsoredBadgeText": null,
                                    "productBadge": null
                                },
                                {
                                    "index": 33,
                                    "productId": "21203743_EA",
                                    "productImage": [
                                        {
                                            "imageUrl": "https://assets.shop.loblaws.ca/products/21203743/b2/en/front/21203743_front_a06_@2.png",
                                            "smallUrl": "https://assets.shop.loblaws.ca/products/21203743/b1/en/front/21203743_front_a01_@2.png",
                                            "mediumUrl": "https://assets.shop.loblaws.ca/products/21203743/b3/en/front/21203743_front_a06_@2.png",
                                            "largeUrl": "https://assets.shop.loblaws.ca/products/21203743/b2/en/front/21203743_front_a06_@2.png",
                                            "smallRetinaUrl": "https://assets.shop.loblaws.ca/products/21203743/b1/en/front/21203743_front_a01_@2.png",
                                            "mediumRetinaUrl": "https://assets.shop.loblaws.ca/products/21203743/b3/en/front/21203743_front_a06_@2.png",
                                            "largeRetinaUrl": "https://assets.shop.loblaws.ca/products/21203743/b2/en/front/21203743_front_a06_@2.png"
                                        },
                                        {
                                            "imageUrl": "https://assets.shop.loblaws.ca/products/21203743/b2/en/angle/21203743_angle_a06_@2.png",
                                            "smallUrl": "https://assets.shop.loblaws.ca/products/21203743/b1/en/angle/21203743_angle_a01_@2.png",
                                            "mediumUrl": "https://assets.shop.loblaws.ca/products/21203743/b3/en/angle/21203743_angle_a06_@2.png",
                                            "largeUrl": "https://assets.shop.loblaws.ca/products/21203743/b2/en/angle/21203743_angle_a06_@2.png",
                                            "smallRetinaUrl": "https://assets.shop.loblaws.ca/products/21203743/b1/en/angle/21203743_angle_a01_@2.png",
                                            "mediumRetinaUrl": "https://assets.shop.loblaws.ca/products/21203743/b3/en/angle/21203743_angle_a06_@2.png",
                                            "largeRetinaUrl": "https://assets.shop.loblaws.ca/products/21203743/b2/en/angle/21203743_angle_a06_@2.png"
                                        },
                                        {
                                            "imageUrl": "https://assets.shop.loblaws.ca/products/21203743/b2/en/side/21203743_side_a06_@2.png",
                                            "smallUrl": "https://assets.shop.loblaws.ca/products/21203743/b1/en/side/21203743_side_a01_@2.png",
                                            "mediumUrl": "https://assets.shop.loblaws.ca/products/21203743/b3/en/side/21203743_side_a06_@2.png",
                                            "largeUrl": "https://assets.shop.loblaws.ca/products/21203743/b2/en/side/21203743_side_a06_@2.png",
                                            "smallRetinaUrl": "https://assets.shop.loblaws.ca/products/21203743/b1/en/side/21203743_side_a01_@2.png",
                                            "mediumRetinaUrl": "https://assets.shop.loblaws.ca/products/21203743/b3/en/side/21203743_side_a06_@2.png",
                                            "largeRetinaUrl": "https://assets.shop.loblaws.ca/products/21203743/b2/en/side/21203743_side_a06_@2.png"
                                        }
                                    ],
                                    "brand": "President's Choice",
                                    "title": "Arugula",
                                    "description": null,
                                    "packageSizing": "0.142 kg, $2.82/100g",
                                    "pricing": {
                                        "price": "4.00",
                                        "wasPrice": null,
                                        "displayPrice": "$4.00",
                                        "memberOnlyPrice": null,
                                        "mopDisplayPrice": null
                                    },
                                    "pricingUnits": {
                                        "type": "SOLD_BY_EACH",
                                        "unit": "ea",
                                        "interval": 1,
                                        "minOrderQuantity": 1,
                                        "maxOrderQuantity": 25,
                                        "weighted": false
                                    },
                                    "deal": null,
                                    "mopDeal": null,
                                    "pcoDeal": null,
                                    "inventoryIndicator": null,
                                    "offerType": "OG",
                                    "offerId": "OG",
                                    "action": null,
                                    "isVariant": false,
                                    "link": "/arugula/p/21203743_EA",
                                    "productVendor": null,
                                    "productVariant": null,
                                    "textBadge": "",
                                    "variantTheme": null,
                                    "articleNumber": "21203743",
                                    "uom": "EA",
                                    "sponsoredCreative": null,
                                    "isSponsored": false,
                                    "isComplementarySponsored": false,
                                    "complementarySponsoredBadgeText": null,
                                    "productBadge": null
                                },
                                {
                                    "index": 34,
                                    "productId": "20940332_EA",
                                    "productImage": [
                                        {
                                            "imageUrl": "https://assets.shop.loblaws.ca/products/20940332/b2/en/front/20940332_front_a06_@2.png",
                                            "smallUrl": "https://assets.shop.loblaws.ca/products/20940332/b1/en/front/20940332_front_a01_@2.png",
                                            "mediumUrl": "https://assets.shop.loblaws.ca/products/20940332/b3/en/front/20940332_front_a06_@2.png",
                                            "largeUrl": "https://assets.shop.loblaws.ca/products/20940332/b2/en/front/20940332_front_a06_@2.png",
                                            "smallRetinaUrl": "https://assets.shop.loblaws.ca/products/20940332/b1/en/front/20940332_front_a01_@2.png",
                                            "mediumRetinaUrl": "https://assets.shop.loblaws.ca/products/20940332/b3/en/front/20940332_front_a06_@2.png",
                                            "largeRetinaUrl": "https://assets.shop.loblaws.ca/products/20940332/b2/en/front/20940332_front_a06_@2.png"
                                        }
                                    ],
                                    "brand": "PC Blue Menu",
                                    "title": "Unsalted California Pistachios ",
                                    "description": "You don\u2019t want to give up pistachios \u2013 you just want to give up the salt. No problem. Ours are grown in sunny California, where pistachio trees thrive in the arid, hot weather. After harvesting, these large-size nuts are dry-roasted in the shell \u2013 without any salt or oil added. Problem solved. They\u2019re also high in fibre and a source of iron \u2013 everything you could want in a nutshell. ",
                                    "packageSizing": "225 g, $2.66/100g",
                                    "pricing": {
                                        "price": "5.99",
                                        "wasPrice": null,
                                        "displayPrice": "$5.99",
                                        "memberOnlyPrice": null,
                                        "mopDisplayPrice": null
                                    },
                                    "pricingUnits": {
                                        "type": "SOLD_BY_EACH",
                                        "unit": "ea",
                                        "interval": 1,
                                        "minOrderQuantity": 1,
                                        "maxOrderQuantity": 25,
                                        "weighted": false
                                    },
                                    "deal": null,
                                    "mopDeal": null,
                                    "pcoDeal": null,
                                    "inventoryIndicator": null,
                                    "offerType": "OG",
                                    "offerId": "OG",
                                    "action": null,
                                    "isVariant": false,
                                    "link": "/unsalted-california-pistachios/p/20940332_EA",
                                    "productVendor": null,
                                    "productVariant": null,
                                    "textBadge": "",
                                    "variantTheme": null,
                                    "articleNumber": "20940332",
                                    "uom": "EA",
                                    "sponsoredCreative": null,
                                    "isSponsored": false,
                                    "isComplementarySponsored": false,
                                    "complementarySponsoredBadgeText": null,
                                    "productBadge": null
                                },
                                {
                                    "index": 35,
                                    "productId": "21378027_EA",
                                    "productImage": [
                                        {
                                            "imageUrl": "https://assets.shop.loblaws.ca/products/21378027/b2/en/front/21378027_front_a06_@2.png",
                                            "smallUrl": "https://assets.shop.loblaws.ca/products/21378027/b1/en/front/21378027_front_a01_@2.png",
                                            "mediumUrl": "https://assets.shop.loblaws.ca/products/21378027/b3/en/front/21378027_front_a06_@2.png",
                                            "largeUrl": "https://assets.shop.loblaws.ca/products/21378027/b2/en/front/21378027_front_a06_@2.png",
                                            "smallRetinaUrl": "https://assets.shop.loblaws.ca/products/21378027/b1/en/front/21378027_front_a01_@2.png",
                                            "mediumRetinaUrl": "https://assets.shop.loblaws.ca/products/21378027/b3/en/front/21378027_front_a06_@2.png",
                                            "largeRetinaUrl": "https://assets.shop.loblaws.ca/products/21378027/b2/en/front/21378027_front_a06_@2.png"
                                        }
                                    ],
                                    "brand": "President's Choice",
                                    "title": "Salad Kit Chopped Sesame Wonton ",
                                    "description": null,
                                    "packageSizing": "347 g, $2.01/100g",
                                    "pricing": {
                                        "price": "6.99",
                                        "wasPrice": null,
                                        "displayPrice": "$6.99",
                                        "memberOnlyPrice": null,
                                        "mopDisplayPrice": null
                                    },
                                    "pricingUnits": {
                                        "type": "SOLD_BY_EACH",
                                        "unit": "ea",
                                        "interval": 1,
                                        "minOrderQuantity": 1,
                                        "maxOrderQuantity": 25,
                                        "weighted": false
                                    },
                                    "deal": {
                                        "type": "MULTI",
                                        "text": "$6.00 MIN 2",
                                        "points": 0,
                                        "name": "MULTI",
                                        "expiryDate": "2024-07-10T00:00:00Z",
                                        "dealPrice": null
                                    },
                                    "mopDeal": null,
                                    "pcoDeal": null,
                                    "inventoryIndicator": null,
                                    "offerType": "OG",
                                    "offerId": "OG",
                                    "action": null,
                                    "isVariant": false,
                                    "link": "/salad-kit-chopped-sesame-wonton/p/21378027_EA",
                                    "productVendor": null,
                                    "productVariant": null,
                                    "textBadge": "",
                                    "variantTheme": null,
                                    "articleNumber": "21378027",
                                    "uom": "EA",
                                    "sponsoredCreative": null,
                                    "isSponsored": false,
                                    "isComplementarySponsored": false,
                                    "complementarySponsoredBadgeText": null,
                                    "productBadge": null
                                },
                                {
                                    "index": 36,
                                    "productId": "21378098_EA",
                                    "productImage": [
                                        {
                                            "imageUrl": "https://assets.shop.loblaws.ca/products/21378098/b2/en/front/21378098_front_a06_@2.png",
                                            "smallUrl": "https://assets.shop.loblaws.ca/products/21378098/b1/en/front/21378098_front_a01_@2.png",
                                            "mediumUrl": "https://assets.shop.loblaws.ca/products/21378098/b3/en/front/21378098_front_a06_@2.png",
                                            "largeUrl": "https://assets.shop.loblaws.ca/products/21378098/b2/en/front/21378098_front_a06_@2.png",
                                            "smallRetinaUrl": "https://assets.shop.loblaws.ca/products/21378098/b1/en/front/21378098_front_a01_@2.png",
                                            "mediumRetinaUrl": "https://assets.shop.loblaws.ca/products/21378098/b3/en/front/21378098_front_a06_@2.png",
                                            "largeRetinaUrl": "https://assets.shop.loblaws.ca/products/21378098/b2/en/front/21378098_front_a06_@2.png"
                                        }
                                    ],
                                    "brand": "President's Choice",
                                    "title": "Southwest Salad Kit",
                                    "description": null,
                                    "packageSizing": "369 g, $1.89/100g",
                                    "pricing": {
                                        "price": "6.99",
                                        "wasPrice": null,
                                        "displayPrice": "$6.99",
                                        "memberOnlyPrice": null,
                                        "mopDisplayPrice": null
                                    },
                                    "pricingUnits": {
                                        "type": "SOLD_BY_EACH",
                                        "unit": "ea",
                                        "interval": 1,
                                        "minOrderQuantity": 1,
                                        "maxOrderQuantity": 25,
                                        "weighted": false
                                    },
                                    "deal": {
                                        "type": "MULTI",
                                        "text": "$6.00 MIN 2",
                                        "points": 0,
                                        "name": "MULTI",
                                        "expiryDate": "2024-07-10T00:00:00Z",
                                        "dealPrice": null
                                    },
                                    "mopDeal": null,
                                    "pcoDeal": null,
                                    "inventoryIndicator": null,
                                    "offerType": "OG",
                                    "offerId": "OG",
                                    "action": null,
                                    "isVariant": false,
                                    "link": "/southwest-salad-kit/p/21378098_EA",
                                    "productVendor": null,
                                    "productVariant": null,
                                    "textBadge": "",
                                    "variantTheme": null,
                                    "articleNumber": "21378098",
                                    "uom": "EA",
                                    "sponsoredCreative": null,
                                    "isSponsored": false,
                                    "isComplementarySponsored": false,
                                    "complementarySponsoredBadgeText": null,
                                    "productBadge": null
                                },
                                {
                                    "index": 37,
                                    "productId": "21203751_EA",
                                    "productImage": [
                                        {
                                            "imageUrl": "https://assets.shop.loblaws.ca/products/21203751/b2/en/front/21203751_front_a06_@2.png",
                                            "smallUrl": "https://assets.shop.loblaws.ca/products/21203751/b1/en/front/21203751_front_a01_@2.png",
                                            "mediumUrl": "https://assets.shop.loblaws.ca/products/21203751/b3/en/front/21203751_front_a06_@2.png",
                                            "largeUrl": "https://assets.shop.loblaws.ca/products/21203751/b2/en/front/21203751_front_a06_@2.png",
                                            "smallRetinaUrl": "https://assets.shop.loblaws.ca/products/21203751/b1/en/front/21203751_front_a01_@2.png",
                                            "mediumRetinaUrl": "https://assets.shop.loblaws.ca/products/21203751/b3/en/front/21203751_front_a06_@2.png",
                                            "largeRetinaUrl": "https://assets.shop.loblaws.ca/products/21203751/b2/en/front/21203751_front_a06_@2.png"
                                        },
                                        {
                                            "imageUrl": "https://assets.shop.loblaws.ca/products/21203751/b2/en/angle/21203751_angle_a06_@2.png",
                                            "smallUrl": "https://assets.shop.loblaws.ca/products/21203751/b1/en/angle/21203751_angle_a01_@2.png",
                                            "mediumUrl": "https://assets.shop.loblaws.ca/products/21203751/b3/en/angle/21203751_angle_a06_@2.png",
                                            "largeUrl": "https://assets.shop.loblaws.ca/products/21203751/b2/en/angle/21203751_angle_a06_@2.png",
                                            "smallRetinaUrl": "https://assets.shop.loblaws.ca/products/21203751/b1/en/angle/21203751_angle_a01_@2.png",
                                            "mediumRetinaUrl": "https://assets.shop.loblaws.ca/products/21203751/b3/en/angle/21203751_angle_a06_@2.png",
                                            "largeRetinaUrl": "https://assets.shop.loblaws.ca/products/21203751/b2/en/angle/21203751_angle_a06_@2.png"
                                        },
                                        {
                                            "imageUrl": "https://assets.shop.loblaws.ca/products/21203751/b2/en/side/21203751_side_a06_@2.png",
                                            "smallUrl": "https://assets.shop.loblaws.ca/products/21203751/b1/en/side/21203751_side_a01_@2.png",
                                            "mediumUrl": "https://assets.shop.loblaws.ca/products/21203751/b3/en/side/21203751_side_a06_@2.png",
                                            "largeUrl": "https://assets.shop.loblaws.ca/products/21203751/b2/en/side/21203751_side_a06_@2.png",
                                            "smallRetinaUrl": "https://assets.shop.loblaws.ca/products/21203751/b1/en/side/21203751_side_a01_@2.png",
                                            "mediumRetinaUrl": "https://assets.shop.loblaws.ca/products/21203751/b3/en/side/21203751_side_a06_@2.png",
                                            "largeRetinaUrl": "https://assets.shop.loblaws.ca/products/21203751/b2/en/side/21203751_side_a06_@2.png"
                                        }
                                    ],
                                    "brand": "President's Choice",
                                    "title": "Sweet Baby Lettuce",
                                    "description": null,
                                    "packageSizing": "142 g, $2.82/100g",
                                    "pricing": {
                                        "price": "4.00",
                                        "wasPrice": null,
                                        "displayPrice": "$4.00",
                                        "memberOnlyPrice": null,
                                        "mopDisplayPrice": null
                                    },
                                    "pricingUnits": {
                                        "type": "SOLD_BY_EACH",
                                        "unit": "ea",
                                        "interval": 1,
                                        "minOrderQuantity": 1,
                                        "maxOrderQuantity": 25,
                                        "weighted": false
                                    },
                                    "deal": null,
                                    "mopDeal": null,
                                    "pcoDeal": null,
                                    "inventoryIndicator": null,
                                    "offerType": "OG",
                                    "offerId": "OG",
                                    "action": null,
                                    "isVariant": false,
                                    "link": "/sweet-baby-lettuce/p/21203751_EA",
                                    "productVendor": null,
                                    "productVariant": null,
                                    "textBadge": "",
                                    "variantTheme": null,
                                    "articleNumber": "21203751",
                                    "uom": "EA",
                                    "sponsoredCreative": null,
                                    "isSponsored": false,
                                    "isComplementarySponsored": false,
                                    "complementarySponsoredBadgeText": null,
                                    "productBadge": null
                                },
                                {
                                    "index": 38,
                                    "productId": "21020931_EA",
                                    "productImage": [
                                        {
                                            "imageUrl": "https://assets.shop.loblaws.ca/products/21020931/b2/en/front/21020931_front_a06_@2.png",
                                            "smallUrl": "https://assets.shop.loblaws.ca/products/21020931/b1/en/front/21020931_front_a01_@2.png",
                                            "mediumUrl": "https://assets.shop.loblaws.ca/products/21020931/b3/en/front/21020931_front_a06_@2.png",
                                            "largeUrl": "https://assets.shop.loblaws.ca/products/21020931/b2/en/front/21020931_front_a06_@2.png",
                                            "smallRetinaUrl": "https://assets.shop.loblaws.ca/products/21020931/b1/en/front/21020931_front_a01_@2.png",
                                            "mediumRetinaUrl": "https://assets.shop.loblaws.ca/products/21020931/b3/en/front/21020931_front_a06_@2.png",
                                            "largeRetinaUrl": "https://assets.shop.loblaws.ca/products/21020931/b2/en/front/21020931_front_a06_@2.png"
                                        },
                                        {
                                            "imageUrl": "https://assets.shop.loblaws.ca/products/21020931/b2/en/angle/21020931_angle_a06_@2.png",
                                            "smallUrl": "https://assets.shop.loblaws.ca/products/21020931/b1/en/angle/21020931_angle_a01_@2.png",
                                            "mediumUrl": "https://assets.shop.loblaws.ca/products/21020931/b3/en/angle/21020931_angle_a06_@2.png",
                                            "largeUrl": "https://assets.shop.loblaws.ca/products/21020931/b2/en/angle/21020931_angle_a06_@2.png",
                                            "smallRetinaUrl": "https://assets.shop.loblaws.ca/products/21020931/b1/en/angle/21020931_angle_a01_@2.png",
                                            "mediumRetinaUrl": "https://assets.shop.loblaws.ca/products/21020931/b3/en/angle/21020931_angle_a06_@2.png",
                                            "largeRetinaUrl": "https://assets.shop.loblaws.ca/products/21020931/b2/en/angle/21020931_angle_a06_@2.png"
                                        },
                                        {
                                            "imageUrl": "https://assets.shop.loblaws.ca/products/21020931/b2/en/side/21020931_side_a06_@2.png",
                                            "smallUrl": "https://assets.shop.loblaws.ca/products/21020931/b1/en/side/21020931_side_a01_@2.png",
                                            "mediumUrl": "https://assets.shop.loblaws.ca/products/21020931/b3/en/side/21020931_side_a06_@2.png",
                                            "largeUrl": "https://assets.shop.loblaws.ca/products/21020931/b2/en/side/21020931_side_a06_@2.png",
                                            "smallRetinaUrl": "https://assets.shop.loblaws.ca/products/21020931/b1/en/side/21020931_side_a01_@2.png",
                                            "mediumRetinaUrl": "https://assets.shop.loblaws.ca/products/21020931/b3/en/side/21020931_side_a06_@2.png",
                                            "largeRetinaUrl": "https://assets.shop.loblaws.ca/products/21020931/b2/en/side/21020931_side_a06_@2.png"
                                        }
                                    ],
                                    "brand": "PC Organics",
                                    "title": "Organic Field Greens & Baby Spinach - Salad Mix",
                                    "description": "Ready to use, this fresh mix of tender field greens combined with baby spinach is a great shortcut to everyday salads. Simply toss with a light vinaigrette or make it a hearty main by topping with tomatoes, sliced steak or chickpeas, crumbled cheese and toasted nuts.",
                                    "packageSizing": "312 g, $2.24/100g",
                                    "pricing": {
                                        "price": "7.00",
                                        "wasPrice": null,
                                        "displayPrice": "$7.00",
                                        "memberOnlyPrice": null,
                                        "mopDisplayPrice": null
                                    },
                                    "pricingUnits": {
                                        "type": "SOLD_BY_EACH",
                                        "unit": "ea",
                                        "interval": 1,
                                        "minOrderQuantity": 1,
                                        "maxOrderQuantity": 25,
                                        "weighted": false
                                    },
                                    "deal": null,
                                    "mopDeal": null,
                                    "pcoDeal": null,
                                    "inventoryIndicator": null,
                                    "offerType": "OG",
                                    "offerId": "OG",
                                    "action": null,
                                    "isVariant": false,
                                    "link": "/organic-field-greens-baby-spinach-salad-mix/p/21020931_EA",
                                    "productVendor": null,
                                    "productVariant": null,
                                    "textBadge": "",
                                    "variantTheme": null,
                                    "articleNumber": "21020931",
                                    "uom": "EA",
                                    "sponsoredCreative": null,
                                    "isSponsored": false,
                                    "isComplementarySponsored": false,
                                    "complementarySponsoredBadgeText": null,
                                    "productBadge": null
                                },
                                {
                                    "index": 39,
                                    "productId": "21203744_EA",
                                    "productImage": [
                                        {
                                            "imageUrl": "https://assets.shop.loblaws.ca/products/21203744/b2/en/front/21203744_front_a06_@2.png",
                                            "smallUrl": "https://assets.shop.loblaws.ca/products/21203744/b1/en/front/21203744_front_a01_@2.png",
                                            "mediumUrl": "https://assets.shop.loblaws.ca/products/21203744/b3/en/front/21203744_front_a06_@2.png",
                                            "largeUrl": "https://assets.shop.loblaws.ca/products/21203744/b2/en/front/21203744_front_a06_@2.png",
                                            "smallRetinaUrl": "https://assets.shop.loblaws.ca/products/21203744/b1/en/front/21203744_front_a01_@2.png",
                                            "mediumRetinaUrl": "https://assets.shop.loblaws.ca/products/21203744/b3/en/front/21203744_front_a06_@2.png",
                                            "largeRetinaUrl": "https://assets.shop.loblaws.ca/products/21203744/b2/en/front/21203744_front_a06_@2.png"
                                        },
                                        {
                                            "imageUrl": "https://assets.shop.loblaws.ca/products/21203744/b2/en/angle/21203744_angle_a06_@2.png",
                                            "smallUrl": "https://assets.shop.loblaws.ca/products/21203744/b1/en/angle/21203744_angle_a01_@2.png",
                                            "mediumUrl": "https://assets.shop.loblaws.ca/products/21203744/b3/en/angle/21203744_angle_a06_@2.png",
                                            "largeUrl": "https://assets.shop.loblaws.ca/products/21203744/b2/en/angle/21203744_angle_a06_@2.png",
                                            "smallRetinaUrl": "https://assets.shop.loblaws.ca/products/21203744/b1/en/angle/21203744_angle_a01_@2.png",
                                            "mediumRetinaUrl": "https://assets.shop.loblaws.ca/products/21203744/b3/en/angle/21203744_angle_a06_@2.png",
                                            "largeRetinaUrl": "https://assets.shop.loblaws.ca/products/21203744/b2/en/angle/21203744_angle_a06_@2.png"
                                        },
                                        {
                                            "imageUrl": "https://assets.shop.loblaws.ca/products/21203744/b2/en/side/21203744_side_a06_@2.png",
                                            "smallUrl": "https://assets.shop.loblaws.ca/products/21203744/b1/en/side/21203744_side_a01_@2.png",
                                            "mediumUrl": "https://assets.shop.loblaws.ca/products/21203744/b3/en/side/21203744_side_a06_@2.png",
                                            "largeUrl": "https://assets.shop.loblaws.ca/products/21203744/b2/en/side/21203744_side_a06_@2.png",
                                            "smallRetinaUrl": "https://assets.shop.loblaws.ca/products/21203744/b1/en/side/21203744_side_a01_@2.png",
                                            "mediumRetinaUrl": "https://assets.shop.loblaws.ca/products/21203744/b3/en/side/21203744_side_a06_@2.png",
                                            "largeRetinaUrl": "https://assets.shop.loblaws.ca/products/21203744/b2/en/side/21203744_side_a06_@2.png"
                                        }
                                    ],
                                    "brand": "President's Choice",
                                    "title": "Baby Arugula Spinach Blend",
                                    "description": null,
                                    "packageSizing": "0.142 kg, $2.82/100g",
                                    "pricing": {
                                        "price": "4.00",
                                        "wasPrice": null,
                                        "displayPrice": "$4.00",
                                        "memberOnlyPrice": null,
                                        "mopDisplayPrice": null
                                    },
                                    "pricingUnits": {
                                        "type": "SOLD_BY_EACH",
                                        "unit": "ea",
                                        "interval": 1,
                                        "minOrderQuantity": 1,
                                        "maxOrderQuantity": 25,
                                        "weighted": false
                                    },
                                    "deal": null,
                                    "mopDeal": null,
                                    "pcoDeal": null,
                                    "inventoryIndicator": null,
                                    "offerType": "OG",
                                    "offerId": "OG",
                                    "action": null,
                                    "isVariant": false,
                                    "link": "/baby-arugula-spinach-blend/p/21203744_EA",
                                    "productVendor": null,
                                    "productVariant": null,
                                    "textBadge": "",
                                    "variantTheme": null,
                                    "articleNumber": "21203744",
                                    "uom": "EA",
                                    "sponsoredCreative": null,
                                    "isSponsored": false,
                                    "isComplementarySponsored": false,
                                    "complementarySponsoredBadgeText": null,
                                    "productBadge": null
                                },
                                {
                                    "index": 40,
                                    "productId": "21334788_EA",
                                    "productImage": [
                                        {
                                            "imageUrl": "https://assets.shop.loblaws.ca/products/21334788/b2/en/front/21334788_front_a06_@2.png",
                                            "smallUrl": "https://assets.shop.loblaws.ca/products/21334788/b1/en/front/21334788_front_a01_@2.png",
                                            "mediumUrl": "https://assets.shop.loblaws.ca/products/21334788/b3/en/front/21334788_front_a06_@2.png",
                                            "largeUrl": "https://assets.shop.loblaws.ca/products/21334788/b2/en/front/21334788_front_a06_@2.png",
                                            "smallRetinaUrl": "https://assets.shop.loblaws.ca/products/21334788/b1/en/front/21334788_front_a01_@2.png",
                                            "mediumRetinaUrl": "https://assets.shop.loblaws.ca/products/21334788/b3/en/front/21334788_front_a06_@2.png",
                                            "largeRetinaUrl": "https://assets.shop.loblaws.ca/products/21334788/b2/en/front/21334788_front_a06_@2.png"
                                        }
                                    ],
                                    "brand": "President's Choice",
                                    "title": "Caesar Salad Kit",
                                    "description": null,
                                    "packageSizing": "586 g, $1.36/100g",
                                    "pricing": {
                                        "price": "7.99",
                                        "wasPrice": null,
                                        "displayPrice": "$7.99",
                                        "memberOnlyPrice": null,
                                        "mopDisplayPrice": null
                                    },
                                    "pricingUnits": {
                                        "type": "SOLD_BY_EACH",
                                        "unit": "ea",
                                        "interval": 1,
                                        "minOrderQuantity": 1,
                                        "maxOrderQuantity": 25,
                                        "weighted": false
                                    },
                                    "deal": null,
                                    "mopDeal": null,
                                    "pcoDeal": null,
                                    "inventoryIndicator": null,
                                    "offerType": "OG",
                                    "offerId": "OG",
                                    "action": null,
                                    "isVariant": false,
                                    "link": "/caesar-salad-kit/p/21334788_EA",
                                    "productVendor": null,
                                    "productVariant": null,
                                    "textBadge": "",
                                    "variantTheme": null,
                                    "articleNumber": "21334788",
                                    "uom": "EA",
                                    "sponsoredCreative": null,
                                    "isSponsored": false,
                                    "isComplementarySponsored": false,
                                    "complementarySponsoredBadgeText": null,
                                    "productBadge": null
                                },
                                {
                                    "index": 41,
                                    "productId": "21378031_EA",
                                    "productImage": [
                                        {
                                            "imageUrl": "https://assets.shop.loblaws.ca/products/21378031/b2/en/front/21378031_front_a06_@2.png",
                                            "smallUrl": "https://assets.shop.loblaws.ca/products/21378031/b1/en/front/21378031_front_a01_@2.png",
                                            "mediumUrl": "https://assets.shop.loblaws.ca/products/21378031/b3/en/front/21378031_front_a06_@2.png",
                                            "largeUrl": "https://assets.shop.loblaws.ca/products/21378031/b2/en/front/21378031_front_a06_@2.png",
                                            "smallRetinaUrl": "https://assets.shop.loblaws.ca/products/21378031/b1/en/front/21378031_front_a01_@2.png",
                                            "mediumRetinaUrl": "https://assets.shop.loblaws.ca/products/21378031/b3/en/front/21378031_front_a06_@2.png",
                                            "largeRetinaUrl": "https://assets.shop.loblaws.ca/products/21378031/b2/en/front/21378031_front_a06_@2.png"
                                        }
                                    ],
                                    "brand": "President's Choice",
                                    "title": "Avocado Ranch Chopped Salad Kit",
                                    "description": null,
                                    "packageSizing": "347 g, $2.01/100g",
                                    "pricing": {
                                        "price": "6.99",
                                        "wasPrice": null,
                                        "displayPrice": "$6.99",
                                        "memberOnlyPrice": null,
                                        "mopDisplayPrice": null
                                    },
                                    "pricingUnits": {
                                        "type": "SOLD_BY_EACH",
                                        "unit": "ea",
                                        "interval": 1,
                                        "minOrderQuantity": 1,
                                        "maxOrderQuantity": 25,
                                        "weighted": false
                                    },
                                    "deal": {
                                        "type": "MULTI",
                                        "text": "$6.00 MIN 2",
                                        "points": 0,
                                        "name": "MULTI",
                                        "expiryDate": "2024-07-10T00:00:00Z",
                                        "dealPrice": null
                                    },
                                    "mopDeal": null,
                                    "pcoDeal": null,
                                    "inventoryIndicator": null,
                                    "offerType": "OG",
                                    "offerId": "OG",
                                    "action": null,
                                    "isVariant": false,
                                    "link": "/avocado-ranch-chopped-salad-kit/p/21378031_EA",
                                    "productVendor": null,
                                    "productVariant": null,
                                    "textBadge": "",
                                    "variantTheme": null,
                                    "articleNumber": "21378031",
                                    "uom": "EA",
                                    "sponsoredCreative": null,
                                    "isSponsored": false,
                                    "isComplementarySponsored": false,
                                    "complementarySponsoredBadgeText": null,
                                    "productBadge": null
                                },
                                {
                                    "index": 42,
                                    "productId": "21204253_EA",
                                    "productImage": [
                                        {
                                            "imageUrl": "https://assets.shop.loblaws.ca/products/21204253/b2/en/front/21204253_front_a06_@2.png",
                                            "smallUrl": "https://assets.shop.loblaws.ca/products/21204253/b1/en/front/21204253_front_a01_@2.png",
                                            "mediumUrl": "https://assets.shop.loblaws.ca/products/21204253/b3/en/front/21204253_front_a06_@2.png",
                                            "largeUrl": "https://assets.shop.loblaws.ca/products/21204253/b2/en/front/21204253_front_a06_@2.png",
                                            "smallRetinaUrl": "https://assets.shop.loblaws.ca/products/21204253/b1/en/front/21204253_front_a01_@2.png",
                                            "mediumRetinaUrl": "https://assets.shop.loblaws.ca/products/21204253/b3/en/front/21204253_front_a06_@2.png",
                                            "largeRetinaUrl": "https://assets.shop.loblaws.ca/products/21204253/b2/en/front/21204253_front_a06_@2.png"
                                        },
                                        {
                                            "imageUrl": "https://assets.shop.loblaws.ca/products/21204253/b2/en/angle/21204253_angle_a06_@2.png",
                                            "smallUrl": "https://assets.shop.loblaws.ca/products/21204253/b1/en/angle/21204253_angle_a01_@2.png",
                                            "mediumUrl": "https://assets.shop.loblaws.ca/products/21204253/b3/en/angle/21204253_angle_a06_@2.png",
                                            "largeUrl": "https://assets.shop.loblaws.ca/products/21204253/b2/en/angle/21204253_angle_a06_@2.png",
                                            "smallRetinaUrl": "https://assets.shop.loblaws.ca/products/21204253/b1/en/angle/21204253_angle_a01_@2.png",
                                            "mediumRetinaUrl": "https://assets.shop.loblaws.ca/products/21204253/b3/en/angle/21204253_angle_a06_@2.png",
                                            "largeRetinaUrl": "https://assets.shop.loblaws.ca/products/21204253/b2/en/angle/21204253_angle_a06_@2.png"
                                        },
                                        {
                                            "imageUrl": "https://assets.shop.loblaws.ca/products/21204253/b2/en/side/21204253_side_a06_@2.png",
                                            "smallUrl": "https://assets.shop.loblaws.ca/products/21204253/b1/en/side/21204253_side_a01_@2.png",
                                            "mediumUrl": "https://assets.shop.loblaws.ca/products/21204253/b3/en/side/21204253_side_a06_@2.png",
                                            "largeUrl": "https://assets.shop.loblaws.ca/products/21204253/b2/en/side/21204253_side_a06_@2.png",
                                            "smallRetinaUrl": "https://assets.shop.loblaws.ca/products/21204253/b1/en/side/21204253_side_a01_@2.png",
                                            "mediumRetinaUrl": "https://assets.shop.loblaws.ca/products/21204253/b3/en/side/21204253_side_a06_@2.png",
                                            "largeRetinaUrl": "https://assets.shop.loblaws.ca/products/21204253/b2/en/side/21204253_side_a06_@2.png"
                                        }
                                    ],
                                    "brand": "President's Choice",
                                    "title": "50-50 Blend - A Blend of Baby Spinach and Field Greens",
                                    "description": null,
                                    "packageSizing": "0.283 kg, $2.12/100g",
                                    "pricing": {
                                        "price": "6.00",
                                        "wasPrice": null,
                                        "displayPrice": "$6.00",
                                        "memberOnlyPrice": null,
                                        "mopDisplayPrice": null
                                    },
                                    "pricingUnits": {
                                        "type": "SOLD_BY_EACH",
                                        "unit": "ea",
                                        "interval": 1,
                                        "minOrderQuantity": 1,
                                        "maxOrderQuantity": 25,
                                        "weighted": false
                                    },
                                    "deal": null,
                                    "mopDeal": null,
                                    "pcoDeal": null,
                                    "inventoryIndicator": null,
                                    "offerType": "OG",
                                    "offerId": "OG",
                                    "action": null,
                                    "isVariant": false,
                                    "link": "/50-50-blend-a-blend-of-baby-spinach-and-field-gree/p/21204253_EA",
                                    "productVendor": null,
                                    "productVariant": null,
                                    "textBadge": "",
                                    "variantTheme": null,
                                    "articleNumber": "21204253",
                                    "uom": "EA",
                                    "sponsoredCreative": null,
                                    "isSponsored": false,
                                    "isComplementarySponsored": false,
                                    "complementarySponsoredBadgeText": null,
                                    "productBadge": null
                                },
                                {
                                    "index": 43,
                                    "productId": "21378038_EA",
                                    "productImage": [
                                        {
                                            "imageUrl": "https://assets.shop.loblaws.ca/products/21378038/b2/en/front/21378038_front_a06_@2.png",
                                            "smallUrl": "https://assets.shop.loblaws.ca/products/21378038/b1/en/front/21378038_front_a01_@2.png",
                                            "mediumUrl": "https://assets.shop.loblaws.ca/products/21378038/b3/en/front/21378038_front_a06_@2.png",
                                            "largeUrl": "https://assets.shop.loblaws.ca/products/21378038/b2/en/front/21378038_front_a06_@2.png",
                                            "smallRetinaUrl": "https://assets.shop.loblaws.ca/products/21378038/b1/en/front/21378038_front_a01_@2.png",
                                            "mediumRetinaUrl": "https://assets.shop.loblaws.ca/products/21378038/b3/en/front/21378038_front_a06_@2.png",
                                            "largeRetinaUrl": "https://assets.shop.loblaws.ca/products/21378038/b2/en/front/21378038_front_a06_@2.png"
                                        }
                                    ],
                                    "brand": "President's Choice",
                                    "title": "Barbecue Ranch Chopped Salad Kit",
                                    "description": null,
                                    "packageSizing": "369 g, $1.89/100g",
                                    "pricing": {
                                        "price": "6.99",
                                        "wasPrice": null,
                                        "displayPrice": "$6.99",
                                        "memberOnlyPrice": null,
                                        "mopDisplayPrice": null
                                    },
                                    "pricingUnits": {
                                        "type": "SOLD_BY_EACH",
                                        "unit": "ea",
                                        "interval": 1,
                                        "minOrderQuantity": 1,
                                        "maxOrderQuantity": 25,
                                        "weighted": false
                                    },
                                    "deal": {
                                        "type": "MULTI",
                                        "text": "$6.00 MIN 2",
                                        "points": 0,
                                        "name": "MULTI",
                                        "expiryDate": "2024-07-10T00:00:00Z",
                                        "dealPrice": null
                                    },
                                    "mopDeal": null,
                                    "pcoDeal": null,
                                    "inventoryIndicator": null,
                                    "offerType": "OG",
                                    "offerId": "OG",
                                    "action": null,
                                    "isVariant": false,
                                    "link": "/barbecue-ranch-chopped-salad-kit/p/21378038_EA",
                                    "productVendor": null,
                                    "productVariant": null,
                                    "textBadge": "",
                                    "variantTheme": null,
                                    "articleNumber": "21378038",
                                    "uom": "EA",
                                    "sponsoredCreative": null,
                                    "isSponsored": false,
                                    "isComplementarySponsored": false,
                                    "complementarySponsoredBadgeText": null,
                                    "productBadge": null
                                },
                                {
                                    "index": 44,
                                    "productId": "20611100_EA",
                                    "productImage": [
                                        {
                                            "imageUrl": "https://assets.shop.loblaws.ca/products/20611100/b2/en/front/20611100_front_a06_@2.png",
                                            "smallUrl": "https://assets.shop.loblaws.ca/products/20611100/b1/en/front/20611100_front_a01_@2.png",
                                            "mediumUrl": "https://assets.shop.loblaws.ca/products/20611100/b3/en/front/20611100_front_a06_@2.png",
                                            "largeUrl": "https://assets.shop.loblaws.ca/products/20611100/b2/en/front/20611100_front_a06_@2.png",
                                            "smallRetinaUrl": "https://assets.shop.loblaws.ca/products/20611100/b1/en/front/20611100_front_a01_@2.png",
                                            "mediumRetinaUrl": "https://assets.shop.loblaws.ca/products/20611100/b3/en/front/20611100_front_a06_@2.png",
                                            "largeRetinaUrl": "https://assets.shop.loblaws.ca/products/20611100/b2/en/front/20611100_front_a06_@2.png"
                                        },
                                        {
                                            "imageUrl": "https://assets.shop.loblaws.ca/products/20611100/b2/en/angle/20611100_angle_a06_@2.png",
                                            "smallUrl": "https://assets.shop.loblaws.ca/products/20611100/b1/en/angle/20611100_angle_a01_@2.png",
                                            "mediumUrl": "https://assets.shop.loblaws.ca/products/20611100/b3/en/angle/20611100_angle_a06_@2.png",
                                            "largeUrl": "https://assets.shop.loblaws.ca/products/20611100/b2/en/angle/20611100_angle_a06_@2.png",
                                            "smallRetinaUrl": "https://assets.shop.loblaws.ca/products/20611100/b1/en/angle/20611100_angle_a01_@2.png",
                                            "mediumRetinaUrl": "https://assets.shop.loblaws.ca/products/20611100/b3/en/angle/20611100_angle_a06_@2.png",
                                            "largeRetinaUrl": "https://assets.shop.loblaws.ca/products/20611100/b2/en/angle/20611100_angle_a06_@2.png"
                                        },
                                        {
                                            "imageUrl": "https://assets.shop.loblaws.ca/products/20611100/b2/en/side/20611100_side_a06_@2.png",
                                            "smallUrl": "https://assets.shop.loblaws.ca/products/20611100/b1/en/side/20611100_side_a01_@2.png",
                                            "mediumUrl": "https://assets.shop.loblaws.ca/products/20611100/b3/en/side/20611100_side_a06_@2.png",
                                            "largeUrl": "https://assets.shop.loblaws.ca/products/20611100/b2/en/side/20611100_side_a06_@2.png",
                                            "smallRetinaUrl": "https://assets.shop.loblaws.ca/products/20611100/b1/en/side/20611100_side_a01_@2.png",
                                            "mediumRetinaUrl": "https://assets.shop.loblaws.ca/products/20611100/b3/en/side/20611100_side_a06_@2.png",
                                            "largeRetinaUrl": "https://assets.shop.loblaws.ca/products/20611100/b2/en/side/20611100_side_a06_@2.png"
                                        }
                                    ],
                                    "brand": "PC Organics",
                                    "title": "Kale, Chard and Spinach Salad Mix",
                                    "description": "A major flavour boost for salads, this fresh mix can also be saut\u00e9ed as a side or added to omelettes, pastas and smoothies. Having trimmed, washed greens on hand makes it easy to eat at least one dark green vegetable every day as recommended by Canada\u2019s Food Guide. An excellent source of vitamins A, C and K.",
                                    "packageSizing": "142 g, $3.52/100g",
                                    "pricing": {
                                        "price": "5.00",
                                        "wasPrice": null,
                                        "displayPrice": "$5.00",
                                        "memberOnlyPrice": null,
                                        "mopDisplayPrice": null
                                    },
                                    "pricingUnits": {
                                        "type": "SOLD_BY_EACH",
                                        "unit": "ea",
                                        "interval": 1,
                                        "minOrderQuantity": 1,
                                        "maxOrderQuantity": 25,
                                        "weighted": false
                                    },
                                    "deal": null,
                                    "mopDeal": null,
                                    "pcoDeal": null,
                                    "inventoryIndicator": null,
                                    "offerType": "OG",
                                    "offerId": "OG",
                                    "action": null,
                                    "isVariant": false,
                                    "link": "/kale-chard-and-spinach-salad-mix/p/20611100_EA",
                                    "productVendor": null,
                                    "productVariant": null,
                                    "textBadge": "",
                                    "variantTheme": null,
                                    "articleNumber": "20611100",
                                    "uom": "EA",
                                    "sponsoredCreative": null,
                                    "isSponsored": false,
                                    "isComplementarySponsored": false,
                                    "complementarySponsoredBadgeText": null,
                                    "productBadge": null
                                },
                                {
                                    "index": 45,
                                    "productId": "21020913_EA",
                                    "productImage": [
                                        {
                                            "imageUrl": "https://assets.shop.loblaws.ca/products/21020913/b2/en/front/21020913_front_a06_@2.png",
                                            "smallUrl": "https://assets.shop.loblaws.ca/products/21020913/b1/en/front/21020913_front_a01_@2.png",
                                            "mediumUrl": "https://assets.shop.loblaws.ca/products/21020913/b3/en/front/21020913_front_a06_@2.png",
                                            "largeUrl": "https://assets.shop.loblaws.ca/products/21020913/b2/en/front/21020913_front_a06_@2.png",
                                            "smallRetinaUrl": "https://assets.shop.loblaws.ca/products/21020913/b1/en/front/21020913_front_a01_@2.png",
                                            "mediumRetinaUrl": "https://assets.shop.loblaws.ca/products/21020913/b3/en/front/21020913_front_a06_@2.png",
                                            "largeRetinaUrl": "https://assets.shop.loblaws.ca/products/21020913/b2/en/front/21020913_front_a06_@2.png"
                                        },
                                        {
                                            "imageUrl": "https://assets.shop.loblaws.ca/products/21020913/b2/en/angle/21020913_angle_a06_@2.png",
                                            "smallUrl": "https://assets.shop.loblaws.ca/products/21020913/b1/en/angle/21020913_angle_a01_@2.png",
                                            "mediumUrl": "https://assets.shop.loblaws.ca/products/21020913/b3/en/angle/21020913_angle_a06_@2.png",
                                            "largeUrl": "https://assets.shop.loblaws.ca/products/21020913/b2/en/angle/21020913_angle_a06_@2.png",
                                            "smallRetinaUrl": "https://assets.shop.loblaws.ca/products/21020913/b1/en/angle/21020913_angle_a01_@2.png",
                                            "mediumRetinaUrl": "https://assets.shop.loblaws.ca/products/21020913/b3/en/angle/21020913_angle_a06_@2.png",
                                            "largeRetinaUrl": "https://assets.shop.loblaws.ca/products/21020913/b2/en/angle/21020913_angle_a06_@2.png"
                                        },
                                        {
                                            "imageUrl": "https://assets.shop.loblaws.ca/products/21020913/b2/en/side/21020913_side_a06_@2.png",
                                            "smallUrl": "https://assets.shop.loblaws.ca/products/21020913/b1/en/side/21020913_side_a01_@2.png",
                                            "mediumUrl": "https://assets.shop.loblaws.ca/products/21020913/b3/en/side/21020913_side_a06_@2.png",
                                            "largeUrl": "https://assets.shop.loblaws.ca/products/21020913/b2/en/side/21020913_side_a06_@2.png",
                                            "smallRetinaUrl": "https://assets.shop.loblaws.ca/products/21020913/b1/en/side/21020913_side_a01_@2.png",
                                            "mediumRetinaUrl": "https://assets.shop.loblaws.ca/products/21020913/b3/en/side/21020913_side_a06_@2.png",
                                            "largeRetinaUrl": "https://assets.shop.loblaws.ca/products/21020913/b2/en/side/21020913_side_a06_@2.png"
                                        }
                                    ],
                                    "brand": "PC Organics",
                                    "title": "Arugula & Baby Spinach Salad Mix",
                                    "description": "Because good things happen when arugula and baby spinach meet, our\u00a0tender\u00a0greens duo\u00a0is here to broaden your salad-making horizons. It\u2019s an organically grown,\u00a0trimmed and washed selection of leaves, and is ready to\u00a0simplify\u00a0mealtime, from breakfast to dinner. Sprinkle\u00a0on pizza and\u00a0in\u00a0pasta. Wilt with poached eggs and sandwich in wraps and burgers. Use\u00a0by the fistful in\u00a0lunchbox salads and as the mildly peppery base for your signature dinner salads.\u00a0How many options is too many? That\u2019s up to\u00a0you.\u00a0\u00a0",
                                    "packageSizing": "142 g, $3.52/100g",
                                    "pricing": {
                                        "price": "5.00",
                                        "wasPrice": null,
                                        "displayPrice": "$5.00",
                                        "memberOnlyPrice": null,
                                        "mopDisplayPrice": null
                                    },
                                    "pricingUnits": {
                                        "type": "SOLD_BY_EACH",
                                        "unit": "ea",
                                        "interval": 1,
                                        "minOrderQuantity": 1,
                                        "maxOrderQuantity": 25,
                                        "weighted": false
                                    },
                                    "deal": null,
                                    "mopDeal": null,
                                    "pcoDeal": null,
                                    "inventoryIndicator": null,
                                    "offerType": "OG",
                                    "offerId": "OG",
                                    "action": null,
                                    "isVariant": false,
                                    "link": "/arugula-baby-spinach-salad-mix/p/21020913_EA",
                                    "productVendor": null,
                                    "productVariant": null,
                                    "textBadge": "",
                                    "variantTheme": null,
                                    "articleNumber": "21020913",
                                    "uom": "EA",
                                    "sponsoredCreative": null,
                                    "isSponsored": false,
                                    "isComplementarySponsored": false,
                                    "complementarySponsoredBadgeText": null,
                                    "productBadge": null
                                },
                                {
                                    "index": 46,
                                    "productId": "20048750_EA",
                                    "productImage": [
                                        {
                                            "imageUrl": "https://assets.shop.loblaws.ca/products/20048750/b2/en/front/20048750_front_a06_@2.png",
                                            "smallUrl": "https://assets.shop.loblaws.ca/products/20048750/b1/en/front/20048750_front_a01_@2.png",
                                            "mediumUrl": "https://assets.shop.loblaws.ca/products/20048750/b3/en/front/20048750_front_a06_@2.png",
                                            "largeUrl": "https://assets.shop.loblaws.ca/products/20048750/b2/en/front/20048750_front_a06_@2.png",
                                            "smallRetinaUrl": "https://assets.shop.loblaws.ca/products/20048750/b1/en/front/20048750_front_a01_@2.png",
                                            "mediumRetinaUrl": "https://assets.shop.loblaws.ca/products/20048750/b3/en/front/20048750_front_a06_@2.png",
                                            "largeRetinaUrl": "https://assets.shop.loblaws.ca/products/20048750/b2/en/front/20048750_front_a06_@2.png"
                                        },
                                        {
                                            "imageUrl": "https://assets.shop.loblaws.ca/products/20048750/b2/en/angle/20048750_angle_a06_@2.png",
                                            "smallUrl": "https://assets.shop.loblaws.ca/products/20048750/b1/en/angle/20048750_angle_a01_@2.png",
                                            "mediumUrl": "https://assets.shop.loblaws.ca/products/20048750/b3/en/angle/20048750_angle_a06_@2.png",
                                            "largeUrl": "https://assets.shop.loblaws.ca/products/20048750/b2/en/angle/20048750_angle_a06_@2.png",
                                            "smallRetinaUrl": "https://assets.shop.loblaws.ca/products/20048750/b1/en/angle/20048750_angle_a01_@2.png",
                                            "mediumRetinaUrl": "https://assets.shop.loblaws.ca/products/20048750/b3/en/angle/20048750_angle_a06_@2.png",
                                            "largeRetinaUrl": "https://assets.shop.loblaws.ca/products/20048750/b2/en/angle/20048750_angle_a06_@2.png"
                                        },
                                        {
                                            "imageUrl": "https://assets.shop.loblaws.ca/products/20048750/b2/en/side/20048750_side_a06_@2.png",
                                            "smallUrl": "https://assets.shop.loblaws.ca/products/20048750/b1/en/side/20048750_side_a01_@2.png",
                                            "mediumUrl": "https://assets.shop.loblaws.ca/products/20048750/b3/en/side/20048750_side_a06_@2.png",
                                            "largeUrl": "https://assets.shop.loblaws.ca/products/20048750/b2/en/side/20048750_side_a06_@2.png",
                                            "smallRetinaUrl": "https://assets.shop.loblaws.ca/products/20048750/b1/en/side/20048750_side_a01_@2.png",
                                            "mediumRetinaUrl": "https://assets.shop.loblaws.ca/products/20048750/b3/en/side/20048750_side_a06_@2.png",
                                            "largeRetinaUrl": "https://assets.shop.loblaws.ca/products/20048750/b2/en/side/20048750_side_a06_@2.png"
                                        }
                                    ],
                                    "brand": "President's Choice",
                                    "title": "Salted California Pistachios",
                                    "description": "Have you ever dreamed about the ideal pistachio \u2013 or is that just us? Our process starts with fresh, large nuts harvested in the central valley of California where the climate and soil is perfect for growing the best tasting pistachios. Next comes dry-roasting in the shell \u2013 without any oils added. And last comes a touch of sea salt to bring out their slightly sweet, nutty flavour. Put out a bowl \u2013 or pile on antipasto boards and cheese platters. And talk about sensible snacking \u2013 stash some in your gym and work bags, too. ",
                                    "packageSizing": "454 g, $2.42/100g",
                                    "pricing": {
                                        "price": "10.99",
                                        "wasPrice": null,
                                        "displayPrice": "$10.99",
                                        "memberOnlyPrice": null,
                                        "mopDisplayPrice": null
                                    },
                                    "pricingUnits": {
                                        "type": "SOLD_BY_EACH",
                                        "unit": "ea",
                                        "interval": 1,
                                        "minOrderQuantity": 1,
                                        "maxOrderQuantity": 25,
                                        "weighted": false
                                    },
                                    "deal": null,
                                    "mopDeal": null,
                                    "pcoDeal": null,
                                    "inventoryIndicator": null,
                                    "offerType": "OG",
                                    "offerId": "OG",
                                    "action": null,
                                    "isVariant": false,
                                    "link": "/salted-california-pistachios/p/20048750_EA",
                                    "productVendor": null,
                                    "productVariant": null,
                                    "textBadge": "",
                                    "variantTheme": null,
                                    "articleNumber": "20048750",
                                    "uom": "EA",
                                    "sponsoredCreative": null,
                                    "isSponsored": false,
                                    "isComplementarySponsored": false,
                                    "complementarySponsoredBadgeText": null,
                                    "productBadge": null
                                },
                                {
                                    "index": 47,
                                    "productId": "21184835_EA",
                                    "productImage": [
                                        {
                                            "imageUrl": "https://assets.shop.loblaws.ca/products/21184835/b2/en/front/21184835_front_a06_@2.png",
                                            "smallUrl": "https://assets.shop.loblaws.ca/products/21184835/b1/en/front/21184835_front_a01_@2.png",
                                            "mediumUrl": "https://assets.shop.loblaws.ca/products/21184835/b3/en/front/21184835_front_a06_@2.png",
                                            "largeUrl": "https://assets.shop.loblaws.ca/products/21184835/b2/en/front/21184835_front_a06_@2.png",
                                            "smallRetinaUrl": "https://assets.shop.loblaws.ca/products/21184835/b1/en/front/21184835_front_a01_@2.png",
                                            "mediumRetinaUrl": "https://assets.shop.loblaws.ca/products/21184835/b3/en/front/21184835_front_a06_@2.png",
                                            "largeRetinaUrl": "https://assets.shop.loblaws.ca/products/21184835/b2/en/front/21184835_front_a06_@2.png"
                                        }
                                    ],
                                    "brand": "President's Choice",
                                    "title": "Mint",
                                    "description": null,
                                    "packageSizing": "28 g",
                                    "pricing": {
                                        "price": "2.99",
                                        "wasPrice": null,
                                        "displayPrice": "$2.99",
                                        "memberOnlyPrice": null,
                                        "mopDisplayPrice": null
                                    },
                                    "pricingUnits": {
                                        "type": "SOLD_BY_EACH",
                                        "unit": "ea",
                                        "interval": 1,
                                        "minOrderQuantity": 1,
                                        "maxOrderQuantity": 25,
                                        "weighted": false
                                    },
                                    "deal": null,
                                    "mopDeal": null,
                                    "pcoDeal": null,
                                    "inventoryIndicator": {
                                        "indicatorId": "LOW",
                                        "text": "Low Stock"
                                    },
                                    "offerType": "OG",
                                    "offerId": "OG",
                                    "action": null,
                                    "isVariant": false,
                                    "link": "/mint/p/21184835_EA",
                                    "productVendor": null,
                                    "productVariant": null,
                                    "textBadge": "low-inventory",
                                    "variantTheme": null,
                                    "articleNumber": "21184835",
                                    "uom": "EA",
                                    "sponsoredCreative": null,
                                    "isSponsored": false,
                                    "isComplementarySponsored": false,
                                    "complementarySponsoredBadgeText": null,
                                    "productBadge": null
                                }
                            ],
                            "analytics": {
                                "mediaAnalytics": null,
                                "dsModel": null
                            }
                        }
                    },
                    {
                        "componentId": "productCarouselComponent",
                        "contentId": "1W6kNNiCIPCXXnCRQcptEM",
                        "variantId": null,
                        "id": "1W6kNNiCIPCXXnCRQcptEM-59222",
                        "data": {
                            "headline": "In-Store Salads",
                            "isSponsored": null,
                            "callToAction": {
                                "text": "Shop all",
                                "url": "/food/fruits-vegetables/in-store-salads/c/59222"
                            },
                            "headerGroup": null,
                            "productTiles": [
                                {
                                    "index": 1,
                                    "productId": "21363212_EA",
                                    "productImage": [
                                        {
                                            "imageUrl": "https://assets.shop.loblaws.ca/products/21363212/b2/en/front/21363212_front_a06_@2.png",
                                            "smallUrl": "https://assets.shop.loblaws.ca/products/21363212/b1/en/front/21363212_front_a01_@2.png",
                                            "mediumUrl": "https://assets.shop.loblaws.ca/products/21363212/b3/en/front/21363212_front_a06_@2.png",
                                            "largeUrl": "https://assets.shop.loblaws.ca/products/21363212/b2/en/front/21363212_front_a06_@2.png",
                                            "smallRetinaUrl": "https://assets.shop.loblaws.ca/products/21363212/b1/en/front/21363212_front_a01_@2.png",
                                            "mediumRetinaUrl": "https://assets.shop.loblaws.ca/products/21363212/b3/en/front/21363212_front_a06_@2.png",
                                            "largeRetinaUrl": "https://assets.shop.loblaws.ca/products/21363212/b2/en/front/21363212_front_a06_@2.png"
                                        },
                                        {
                                            "imageUrl": "https://assets.shop.loblaws.ca/products/21363212/b2/en/angle/21363212_angle_a06_@2.png",
                                            "smallUrl": "https://assets.shop.loblaws.ca/products/21363212/b1/en/angle/21363212_angle_a01_@2.png",
                                            "mediumUrl": "https://assets.shop.loblaws.ca/products/21363212/b3/en/angle/21363212_angle_a06_@2.png",
                                            "largeUrl": "https://assets.shop.loblaws.ca/products/21363212/b2/en/angle/21363212_angle_a06_@2.png",
                                            "smallRetinaUrl": "https://assets.shop.loblaws.ca/products/21363212/b1/en/angle/21363212_angle_a01_@2.png",
                                            "mediumRetinaUrl": "https://assets.shop.loblaws.ca/products/21363212/b3/en/angle/21363212_angle_a06_@2.png",
                                            "largeRetinaUrl": "https://assets.shop.loblaws.ca/products/21363212/b2/en/angle/21363212_angle_a06_@2.png"
                                        },
                                        {
                                            "imageUrl": "https://assets.shop.loblaws.ca/products/21363212/b2/en/side/21363212_side_a06_@2.png",
                                            "smallUrl": "https://assets.shop.loblaws.ca/products/21363212/b1/en/side/21363212_side_a01_@2.png",
                                            "mediumUrl": "https://assets.shop.loblaws.ca/products/21363212/b3/en/side/21363212_side_a06_@2.png",
                                            "largeUrl": "https://assets.shop.loblaws.ca/products/21363212/b2/en/side/21363212_side_a06_@2.png",
                                            "smallRetinaUrl": "https://assets.shop.loblaws.ca/products/21363212/b1/en/side/21363212_side_a01_@2.png",
                                            "mediumRetinaUrl": "https://assets.shop.loblaws.ca/products/21363212/b3/en/side/21363212_side_a06_@2.png",
                                            "largeRetinaUrl": "https://assets.shop.loblaws.ca/products/21363212/b2/en/side/21363212_side_a06_@2.png"
                                        }
                                    ],
                                    "brand": null,
                                    "title": "Large Caesar Salad",
                                    "description": "<p>Allergen Alert : We cannot guarantee that any items have not come into contact with Peanuts, Tree nuts, Milk, Fish, Crustacean, Shellfish, Egg, Soy, Sesame, Wheat Mustard, Sulphites.</p>",
                                    "packageSizing": "558 g, $2.01/100g",
                                    "pricing": {
                                        "price": "10.00",
                                        "wasPrice": null,
                                        "displayPrice": "$10.00",
                                        "memberOnlyPrice": null,
                                        "mopDisplayPrice": null
                                    },
                                    "pricingUnits": {
                                        "type": "SOLD_BY_EACH",
                                        "unit": "ea",
                                        "interval": 1,
                                        "minOrderQuantity": 1,
                                        "maxOrderQuantity": 25,
                                        "weighted": false
                                    },
                                    "deal": null,
                                    "mopDeal": null,
                                    "pcoDeal": null,
                                    "inventoryIndicator": null,
                                    "offerType": "OG",
                                    "offerId": "OG",
                                    "action": null,
                                    "isVariant": false,
                                    "link": "/large-caesar-salad/p/21363212_EA",
                                    "productVendor": null,
                                    "productVariant": null,
                                    "textBadge": "",
                                    "variantTheme": null,
                                    "articleNumber": "21363212",
                                    "uom": "EA",
                                    "sponsoredCreative": null,
                                    "isSponsored": false,
                                    "isComplementarySponsored": false,
                                    "complementarySponsoredBadgeText": null,
                                    "productBadge": null
                                },
                                {
                                    "index": 2,
                                    "productId": "20972499_EA",
                                    "productImage": [
                                        {
                                            "imageUrl": "https://assets.shop.loblaws.ca/products/20972499/b2/en/front/20972499_front_a06_@2.png",
                                            "smallUrl": "https://assets.shop.loblaws.ca/products/20972499/b1/en/front/20972499_front_a01_@2.png",
                                            "mediumUrl": "https://assets.shop.loblaws.ca/products/20972499/b3/en/front/20972499_front_a06_@2.png",
                                            "largeUrl": "https://assets.shop.loblaws.ca/products/20972499/b2/en/front/20972499_front_a06_@2.png",
                                            "smallRetinaUrl": "https://assets.shop.loblaws.ca/products/20972499/b1/en/front/20972499_front_a01_@2.png",
                                            "mediumRetinaUrl": "https://assets.shop.loblaws.ca/products/20972499/b3/en/front/20972499_front_a06_@2.png",
                                            "largeRetinaUrl": "https://assets.shop.loblaws.ca/products/20972499/b2/en/front/20972499_front_a06_@2.png"
                                        },
                                        {
                                            "imageUrl": "https://assets.shop.loblaws.ca/products/20972499/b2/en/angle/20972499_angle_a06_@2.png",
                                            "smallUrl": "https://assets.shop.loblaws.ca/products/20972499/b1/en/angle/20972499_angle_a01_@2.png",
                                            "mediumUrl": "https://assets.shop.loblaws.ca/products/20972499/b3/en/angle/20972499_angle_a06_@2.png",
                                            "largeUrl": "https://assets.shop.loblaws.ca/products/20972499/b2/en/angle/20972499_angle_a06_@2.png",
                                            "smallRetinaUrl": "https://assets.shop.loblaws.ca/products/20972499/b1/en/angle/20972499_angle_a01_@2.png",
                                            "mediumRetinaUrl": "https://assets.shop.loblaws.ca/products/20972499/b3/en/angle/20972499_angle_a06_@2.png",
                                            "largeRetinaUrl": "https://assets.shop.loblaws.ca/products/20972499/b2/en/angle/20972499_angle_a06_@2.png"
                                        }
                                    ],
                                    "brand": null,
                                    "title": "Caesar Salad Family Size",
                                    "description": "<p>Allergen Alert : We cannot guarantee that any items have not come into contact with Peanuts, Tree nuts, Milk, Fish, Crustacean, Shellfish, Egg, Soy, Sesame, Wheat Mustard, Sulphites.</p>",
                                    "packageSizing": "785 g, $2.30/100g",
                                    "pricing": {
                                        "price": "17.00",
                                        "wasPrice": null,
                                        "displayPrice": "$17.00",
                                        "memberOnlyPrice": null,
                                        "mopDisplayPrice": null
                                    },
                                    "pricingUnits": {
                                        "type": "SOLD_BY_EACH",
                                        "unit": "ea",
                                        "interval": 1,
                                        "minOrderQuantity": 1,
                                        "maxOrderQuantity": 25,
                                        "weighted": false
                                    },
                                    "deal": null,
                                    "mopDeal": null,
                                    "pcoDeal": null,
                                    "inventoryIndicator": null,
                                    "offerType": "OG",
                                    "offerId": "OG",
                                    "action": null,
                                    "isVariant": false,
                                    "link": "/caesar-salad-family-size/p/20972499_EA",
                                    "productVendor": null,
                                    "productVariant": null,
                                    "textBadge": "",
                                    "variantTheme": null,
                                    "articleNumber": "20972499",
                                    "uom": "EA",
                                    "sponsoredCreative": null,
                                    "isSponsored": false,
                                    "isComplementarySponsored": false,
                                    "complementarySponsoredBadgeText": null,
                                    "productBadge": null
                                },
                                {
                                    "index": 3,
                                    "productId": "21237366_EA",
                                    "productImage": [
                                        {
                                            "imageUrl": "https://assets.shop.loblaws.ca/products/21237366/b2/en/front/21237366_front_a06_@2.png",
                                            "smallUrl": "https://assets.shop.loblaws.ca/products/21237366/b1/en/front/21237366_front_a01_@2.png",
                                            "mediumUrl": "https://assets.shop.loblaws.ca/products/21237366/b3/en/front/21237366_front_a06_@2.png",
                                            "largeUrl": "https://assets.shop.loblaws.ca/products/21237366/b2/en/front/21237366_front_a06_@2.png",
                                            "smallRetinaUrl": "https://assets.shop.loblaws.ca/products/21237366/b1/en/front/21237366_front_a01_@2.png",
                                            "mediumRetinaUrl": "https://assets.shop.loblaws.ca/products/21237366/b3/en/front/21237366_front_a06_@2.png",
                                            "largeRetinaUrl": "https://assets.shop.loblaws.ca/products/21237366/b2/en/front/21237366_front_a06_@2.png"
                                        },
                                        {
                                            "imageUrl": "https://assets.shop.loblaws.ca/products/21237366/b2/en/angle/21237366_angle_a06_@2.png",
                                            "smallUrl": "https://assets.shop.loblaws.ca/products/21237366/b1/en/angle/21237366_angle_a01_@2.png",
                                            "mediumUrl": "https://assets.shop.loblaws.ca/products/21237366/b3/en/angle/21237366_angle_a06_@2.png",
                                            "largeUrl": "https://assets.shop.loblaws.ca/products/21237366/b2/en/angle/21237366_angle_a06_@2.png",
                                            "smallRetinaUrl": "https://assets.shop.loblaws.ca/products/21237366/b1/en/angle/21237366_angle_a01_@2.png",
                                            "mediumRetinaUrl": "https://assets.shop.loblaws.ca/products/21237366/b3/en/angle/21237366_angle_a06_@2.png",
                                            "largeRetinaUrl": "https://assets.shop.loblaws.ca/products/21237366/b2/en/angle/21237366_angle_a06_@2.png"
                                        },
                                        {
                                            "imageUrl": "https://assets.shop.loblaws.ca/products/21237366/b2/en/side/21237366_side_a06_@2.png",
                                            "smallUrl": "https://assets.shop.loblaws.ca/products/21237366/b1/en/side/21237366_side_a01_@2.png",
                                            "mediumUrl": "https://assets.shop.loblaws.ca/products/21237366/b3/en/side/21237366_side_a06_@2.png",
                                            "largeUrl": "https://assets.shop.loblaws.ca/products/21237366/b2/en/side/21237366_side_a06_@2.png",
                                            "smallRetinaUrl": "https://assets.shop.loblaws.ca/products/21237366/b1/en/side/21237366_side_a01_@2.png",
                                            "mediumRetinaUrl": "https://assets.shop.loblaws.ca/products/21237366/b3/en/side/21237366_side_a06_@2.png",
                                            "largeRetinaUrl": "https://assets.shop.loblaws.ca/products/21237366/b2/en/side/21237366_side_a06_@2.png"
                                        }
                                    ],
                                    "brand": null,
                                    "title": "Premium Caesar Salad",
                                    "description": "<p>Allergen Alert : We cannot guarantee that any items have not come into contact with Peanuts, Tree nuts, Milk, Fish, Crustacean, Shellfish, Egg, Soy, Sesame, Wheat Mustard, Sulphites.</p>",
                                    "packageSizing": "257 g, $2.72/100g",
                                    "pricing": {
                                        "price": "7.00",
                                        "wasPrice": null,
                                        "displayPrice": "$7.00",
                                        "memberOnlyPrice": null,
                                        "mopDisplayPrice": null
                                    },
                                    "pricingUnits": {
                                        "type": "SOLD_BY_EACH",
                                        "unit": "ea",
                                        "interval": 1,
                                        "minOrderQuantity": 1,
                                        "maxOrderQuantity": 25,
                                        "weighted": false
                                    },
                                    "deal": null,
                                    "mopDeal": null,
                                    "pcoDeal": null,
                                    "inventoryIndicator": null,
                                    "offerType": "OG",
                                    "offerId": "OG",
                                    "action": null,
                                    "isVariant": false,
                                    "link": "/premium-caesar-salad/p/21237366_EA",
                                    "productVendor": null,
                                    "productVariant": null,
                                    "textBadge": "",
                                    "variantTheme": null,
                                    "articleNumber": "21237366",
                                    "uom": "EA",
                                    "sponsoredCreative": null,
                                    "isSponsored": false,
                                    "isComplementarySponsored": false,
                                    "complementarySponsoredBadgeText": null,
                                    "productBadge": null
                                },
                                {
                                    "index": 4,
                                    "productId": "20972500_EA",
                                    "productImage": [
                                        {
                                            "imageUrl": "https://assets.shop.loblaws.ca/products/20972500/b2/en/front/20972500_front_a06_@2.png",
                                            "smallUrl": "https://assets.shop.loblaws.ca/products/20972500/b1/en/front/20972500_front_a01_@2.png",
                                            "mediumUrl": "https://assets.shop.loblaws.ca/products/20972500/b3/en/front/20972500_front_a06_@2.png",
                                            "largeUrl": "https://assets.shop.loblaws.ca/products/20972500/b2/en/front/20972500_front_a06_@2.png",
                                            "smallRetinaUrl": "https://assets.shop.loblaws.ca/products/20972500/b1/en/front/20972500_front_a01_@2.png",
                                            "mediumRetinaUrl": "https://assets.shop.loblaws.ca/products/20972500/b3/en/front/20972500_front_a06_@2.png",
                                            "largeRetinaUrl": "https://assets.shop.loblaws.ca/products/20972500/b2/en/front/20972500_front_a06_@2.png"
                                        }
                                    ],
                                    "brand": null,
                                    "title": "Greek Salad Family Size",
                                    "description": "<p>Allergen Alert : We cannot guarantee that any items have not come into contact with Peanuts, Tree nuts, Milk, Fish, Crustacean, Shellfish, Egg, Soy, Sesame, Wheat Mustard, Sulphites.</p><p>Grape tomatoes may be substituted</p>",
                                    "packageSizing": "1 kg, $1.70/100g",
                                    "pricing": {
                                        "price": "17.00",
                                        "wasPrice": null,
                                        "displayPrice": "$17.00",
                                        "memberOnlyPrice": null,
                                        "mopDisplayPrice": null
                                    },
                                    "pricingUnits": {
                                        "type": "SOLD_BY_EACH",
                                        "unit": "ea",
                                        "interval": 1,
                                        "minOrderQuantity": 1,
                                        "maxOrderQuantity": 25,
                                        "weighted": false
                                    },
                                    "deal": null,
                                    "mopDeal": null,
                                    "pcoDeal": null,
                                    "inventoryIndicator": null,
                                    "offerType": "OG",
                                    "offerId": "OG",
                                    "action": null,
                                    "isVariant": false,
                                    "link": "/greek-salad-family-size/p/20972500_EA",
                                    "productVendor": null,
                                    "productVariant": null,
                                    "textBadge": "",
                                    "variantTheme": null,
                                    "articleNumber": "20972500",
                                    "uom": "EA",
                                    "sponsoredCreative": null,
                                    "isSponsored": false,
                                    "isComplementarySponsored": false,
                                    "complementarySponsoredBadgeText": null,
                                    "productBadge": null
                                },
                                {
                                    "index": 5,
                                    "productId": "21237411_EA",
                                    "productImage": [
                                        {
                                            "imageUrl": "https://assets.shop.loblaws.ca/products/21237411/b2/en/front/21237411_front_a06_@2.png",
                                            "smallUrl": "https://assets.shop.loblaws.ca/products/21237411/b1/en/front/21237411_front_a01_@2.png",
                                            "mediumUrl": "https://assets.shop.loblaws.ca/products/21237411/b3/en/front/21237411_front_a06_@2.png",
                                            "largeUrl": "https://assets.shop.loblaws.ca/products/21237411/b2/en/front/21237411_front_a06_@2.png",
                                            "smallRetinaUrl": "https://assets.shop.loblaws.ca/products/21237411/b1/en/front/21237411_front_a01_@2.png",
                                            "mediumRetinaUrl": "https://assets.shop.loblaws.ca/products/21237411/b3/en/front/21237411_front_a06_@2.png",
                                            "largeRetinaUrl": "https://assets.shop.loblaws.ca/products/21237411/b2/en/front/21237411_front_a06_@2.png"
                                        }
                                    ],
                                    "brand": null,
                                    "title": "Premium Greek Classic",
                                    "description": "<p>Allergen Alert : We cannot guarantee that any items have not come into contact with Peanuts, Tree nuts, Milk, Fish, Crustacean, Shellfish, Egg, Soy, Sesame, Wheat Mustard, Sulphites.</p>",
                                    "packageSizing": "342 g, $2.05/100g",
                                    "pricing": {
                                        "price": "7.00",
                                        "wasPrice": null,
                                        "displayPrice": "$7.00",
                                        "memberOnlyPrice": null,
                                        "mopDisplayPrice": null
                                    },
                                    "pricingUnits": {
                                        "type": "SOLD_BY_EACH",
                                        "unit": "ea",
                                        "interval": 1,
                                        "minOrderQuantity": 1,
                                        "maxOrderQuantity": 25,
                                        "weighted": false
                                    },
                                    "deal": null,
                                    "mopDeal": null,
                                    "pcoDeal": null,
                                    "inventoryIndicator": null,
                                    "offerType": "OG",
                                    "offerId": "OG",
                                    "action": null,
                                    "isVariant": false,
                                    "link": "/premium-greek-classic/p/21237411_EA",
                                    "productVendor": null,
                                    "productVariant": null,
                                    "textBadge": "",
                                    "variantTheme": null,
                                    "articleNumber": "21237411",
                                    "uom": "EA",
                                    "sponsoredCreative": null,
                                    "isSponsored": false,
                                    "isComplementarySponsored": false,
                                    "complementarySponsoredBadgeText": null,
                                    "productBadge": null
                                },
                                {
                                    "index": 6,
                                    "productId": "21238195_EA",
                                    "productImage": [
                                        {
                                            "imageUrl": "https://assets.shop.loblaws.ca/products/21238195/b2/en/front/21238195_front_a06_@2.png",
                                            "smallUrl": "https://assets.shop.loblaws.ca/products/21238195/b1/en/front/21238195_front_a01_@2.png",
                                            "mediumUrl": "https://assets.shop.loblaws.ca/products/21238195/b3/en/front/21238195_front_a06_@2.png",
                                            "largeUrl": "https://assets.shop.loblaws.ca/products/21238195/b2/en/front/21238195_front_a06_@2.png",
                                            "smallRetinaUrl": "https://assets.shop.loblaws.ca/products/21238195/b1/en/front/21238195_front_a01_@2.png",
                                            "mediumRetinaUrl": "https://assets.shop.loblaws.ca/products/21238195/b3/en/front/21238195_front_a06_@2.png",
                                            "largeRetinaUrl": "https://assets.shop.loblaws.ca/products/21238195/b2/en/front/21238195_front_a06_@2.png"
                                        }
                                    ],
                                    "brand": null,
                                    "title": "Premium Taco Salad",
                                    "description": "<p>Allergen Alert : We cannot guarantee that any items have not come into contact with Peanuts, Tree nuts, Milk, Fish, Crustacean, Shellfish, Egg, Soy, Sesame, Wheat Mustard, Sulphites.</p>",
                                    "packageSizing": "326 g, $1.89/100g",
                                    "pricing": {
                                        "price": "7.00",
                                        "wasPrice": null,
                                        "displayPrice": "$7.00",
                                        "memberOnlyPrice": null,
                                        "mopDisplayPrice": null
                                    },
                                    "pricingUnits": {
                                        "type": "SOLD_BY_EACH",
                                        "unit": "ea",
                                        "interval": 1,
                                        "minOrderQuantity": 1,
                                        "maxOrderQuantity": 25,
                                        "weighted": false
                                    },
                                    "deal": null,
                                    "mopDeal": null,
                                    "pcoDeal": null,
                                    "inventoryIndicator": null,
                                    "offerType": "OG",
                                    "offerId": "OG",
                                    "action": null,
                                    "isVariant": false,
                                    "link": "/premium-taco-salad/p/21238195_EA",
                                    "productVendor": null,
                                    "productVariant": null,
                                    "textBadge": "",
                                    "variantTheme": null,
                                    "articleNumber": "21238195",
                                    "uom": "EA",
                                    "sponsoredCreative": null,
                                    "isSponsored": false,
                                    "isComplementarySponsored": false,
                                    "complementarySponsoredBadgeText": null,
                                    "productBadge": null
                                },
                                {
                                    "index": 7,
                                    "productId": "21031668_EA",
                                    "productImage": [
                                        {
                                            "imageUrl": "https://assets.shop.loblaws.ca/products/21031668/b2/en/front/21031668_front_a06_@2.png",
                                            "smallUrl": "https://assets.shop.loblaws.ca/products/21031668/b1/en/front/21031668_front_a01_@2.png",
                                            "mediumUrl": "https://assets.shop.loblaws.ca/products/21031668/b3/en/front/21031668_front_a06_@2.png",
                                            "largeUrl": "https://assets.shop.loblaws.ca/products/21031668/b2/en/front/21031668_front_a06_@2.png",
                                            "smallRetinaUrl": "https://assets.shop.loblaws.ca/products/21031668/b1/en/front/21031668_front_a01_@2.png",
                                            "mediumRetinaUrl": "https://assets.shop.loblaws.ca/products/21031668/b3/en/front/21031668_front_a06_@2.png",
                                            "largeRetinaUrl": "https://assets.shop.loblaws.ca/products/21031668/b2/en/front/21031668_front_a06_@2.png"
                                        }
                                    ],
                                    "brand": null,
                                    "title": "Cobb with Cheddar Salad Mini",
                                    "description": "<p>Allergen Alert : We cannot guarantee that any items have not come into contact with Peanuts, Tree nuts, Milk, Fish, Crustacean, Shellfish, Egg, Soy, Sesame, Wheat Mustard, Sulphites.</p>",
                                    "packageSizing": "165 g, $3.03/100g",
                                    "pricing": {
                                        "price": "5.00",
                                        "wasPrice": null,
                                        "displayPrice": "$5.00",
                                        "memberOnlyPrice": null,
                                        "mopDisplayPrice": null
                                    },
                                    "pricingUnits": {
                                        "type": "SOLD_BY_EACH",
                                        "unit": "ea",
                                        "interval": 1,
                                        "minOrderQuantity": 1,
                                        "maxOrderQuantity": 25,
                                        "weighted": false
                                    },
                                    "deal": null,
                                    "mopDeal": null,
                                    "pcoDeal": null,
                                    "inventoryIndicator": null,
                                    "offerType": "OG",
                                    "offerId": "OG",
                                    "action": null,
                                    "isVariant": false,
                                    "link": "/cobb-with-cheddar-salad-mini/p/21031668_EA",
                                    "productVendor": null,
                                    "productVariant": null,
                                    "textBadge": "",
                                    "variantTheme": null,
                                    "articleNumber": "21031668",
                                    "uom": "EA",
                                    "sponsoredCreative": null,
                                    "isSponsored": false,
                                    "isComplementarySponsored": false,
                                    "complementarySponsoredBadgeText": null,
                                    "productBadge": null
                                },
                                {
                                    "index": 8,
                                    "productId": "20972512_EA",
                                    "productImage": [
                                        {
                                            "imageUrl": "https://assets.shop.loblaws.ca/products/20972512/b2/en/front/20972512_front_a06_@2.png",
                                            "smallUrl": "https://assets.shop.loblaws.ca/products/20972512/b1/en/front/20972512_front_a01_@2.png",
                                            "mediumUrl": "https://assets.shop.loblaws.ca/products/20972512/b3/en/front/20972512_front_a06_@2.png",
                                            "largeUrl": "https://assets.shop.loblaws.ca/products/20972512/b2/en/front/20972512_front_a06_@2.png",
                                            "smallRetinaUrl": "https://assets.shop.loblaws.ca/products/20972512/b1/en/front/20972512_front_a01_@2.png",
                                            "mediumRetinaUrl": "https://assets.shop.loblaws.ca/products/20972512/b3/en/front/20972512_front_a06_@2.png",
                                            "largeRetinaUrl": "https://assets.shop.loblaws.ca/products/20972512/b2/en/front/20972512_front_a06_@2.png"
                                        }
                                    ],
                                    "brand": null,
                                    "title": "Romaine Salad Family Size",
                                    "description": "<p>Allergen Alert : We cannot guarantee that any items have not come into contact with Peanuts, Tree nuts, Milk, Fish, Crustacean, Shellfish, Egg, Soy, Sesame, Wheat Mustard, Sulphites.</p><p>Grape tomatoes may be substituted</p>",
                                    "packageSizing": "1 kg, $1.50/100g",
                                    "pricing": {
                                        "price": "15.00",
                                        "wasPrice": null,
                                        "displayPrice": "$15.00",
                                        "memberOnlyPrice": null,
                                        "mopDisplayPrice": null
                                    },
                                    "pricingUnits": {
                                        "type": "SOLD_BY_EACH",
                                        "unit": "ea",
                                        "interval": 1,
                                        "minOrderQuantity": 1,
                                        "maxOrderQuantity": 25,
                                        "weighted": false
                                    },
                                    "deal": null,
                                    "mopDeal": null,
                                    "pcoDeal": null,
                                    "inventoryIndicator": null,
                                    "offerType": "OG",
                                    "offerId": "OG",
                                    "action": null,
                                    "isVariant": false,
                                    "link": "/romaine-salad-family-size/p/20972512_EA",
                                    "productVendor": null,
                                    "productVariant": null,
                                    "textBadge": "",
                                    "variantTheme": null,
                                    "articleNumber": "20972512",
                                    "uom": "EA",
                                    "sponsoredCreative": null,
                                    "isSponsored": false,
                                    "isComplementarySponsored": false,
                                    "complementarySponsoredBadgeText": null,
                                    "productBadge": null
                                },
                                {
                                    "index": 9,
                                    "productId": "21607929_EA",
                                    "productImage": [
                                        {
                                            "imageUrl": "https://assets.shop.loblaws.ca/products/21607929/b2/en/front/21607929_front_a06_@2.png",
                                            "smallUrl": "https://assets.shop.loblaws.ca/products/21607929/b1/en/front/21607929_front_a01_@2.png",
                                            "mediumUrl": "https://assets.shop.loblaws.ca/products/21607929/b3/en/front/21607929_front_a06_@2.png",
                                            "largeUrl": "https://assets.shop.loblaws.ca/products/21607929/b2/en/front/21607929_front_a06_@2.png",
                                            "smallRetinaUrl": "https://assets.shop.loblaws.ca/products/21607929/b1/en/front/21607929_front_a01_@2.png",
                                            "mediumRetinaUrl": "https://assets.shop.loblaws.ca/products/21607929/b3/en/front/21607929_front_a06_@2.png",
                                            "largeRetinaUrl": "https://assets.shop.loblaws.ca/products/21607929/b2/en/front/21607929_front_a06_@2.png"
                                        }
                                    ],
                                    "brand": null,
                                    "title": "Broccoli Cashew Crunch Salad, Small",
                                    "description": null,
                                    "packageSizing": "190 g, $3.16/100g",
                                    "pricing": {
                                        "price": "6.00",
                                        "wasPrice": null,
                                        "displayPrice": "$6.00",
                                        "memberOnlyPrice": null,
                                        "mopDisplayPrice": null
                                    },
                                    "pricingUnits": {
                                        "type": "SOLD_BY_EACH",
                                        "unit": "ea",
                                        "interval": 1,
                                        "minOrderQuantity": 1,
                                        "maxOrderQuantity": 25,
                                        "weighted": false
                                    },
                                    "deal": null,
                                    "mopDeal": null,
                                    "pcoDeal": null,
                                    "inventoryIndicator": null,
                                    "offerType": "OG",
                                    "offerId": "OG",
                                    "action": null,
                                    "isVariant": false,
                                    "link": "/broccoli-cashew-crunch-salad-small/p/21607929_EA",
                                    "productVendor": null,
                                    "productVariant": null,
                                    "textBadge": "",
                                    "variantTheme": null,
                                    "articleNumber": "21607929",
                                    "uom": "EA",
                                    "sponsoredCreative": null,
                                    "isSponsored": false,
                                    "isComplementarySponsored": false,
                                    "complementarySponsoredBadgeText": null,
                                    "productBadge": {
                                        "badgeId": "NEW",
                                        "badgeClass": null,
                                        "text": "New"
                                    }
                                },
                                {
                                    "index": 10,
                                    "productId": "21607930_EA",
                                    "productImage": [
                                        {
                                            "imageUrl": "https://assets.shop.loblaws.ca/products/21607930/b2/en/front/21607930_front_a06_@2.png",
                                            "smallUrl": "https://assets.shop.loblaws.ca/products/21607930/b1/en/front/21607930_front_a01_@2.png",
                                            "mediumUrl": "https://assets.shop.loblaws.ca/products/21607930/b3/en/front/21607930_front_a06_@2.png",
                                            "largeUrl": "https://assets.shop.loblaws.ca/products/21607930/b2/en/front/21607930_front_a06_@2.png",
                                            "smallRetinaUrl": "https://assets.shop.loblaws.ca/products/21607930/b1/en/front/21607930_front_a01_@2.png",
                                            "mediumRetinaUrl": "https://assets.shop.loblaws.ca/products/21607930/b3/en/front/21607930_front_a06_@2.png",
                                            "largeRetinaUrl": "https://assets.shop.loblaws.ca/products/21607930/b2/en/front/21607930_front_a06_@2.png"
                                        }
                                    ],
                                    "brand": null,
                                    "title": "Broccoli Cashew Crunch Salad, Medium",
                                    "description": null,
                                    "packageSizing": "258 g, $3.10/100g",
                                    "pricing": {
                                        "price": "8.00",
                                        "wasPrice": null,
                                        "displayPrice": "$8.00",
                                        "memberOnlyPrice": null,
                                        "mopDisplayPrice": null
                                    },
                                    "pricingUnits": {
                                        "type": "SOLD_BY_EACH",
                                        "unit": "ea",
                                        "interval": 1,
                                        "minOrderQuantity": 1,
                                        "maxOrderQuantity": 25,
                                        "weighted": false
                                    },
                                    "deal": null,
                                    "mopDeal": null,
                                    "pcoDeal": null,
                                    "inventoryIndicator": null,
                                    "offerType": "OG",
                                    "offerId": "OG",
                                    "action": null,
                                    "isVariant": false,
                                    "link": "/broccoli-cashew-crunch-salad-medium/p/21607930_EA",
                                    "productVendor": null,
                                    "productVariant": null,
                                    "textBadge": "",
                                    "variantTheme": null,
                                    "articleNumber": "21607930",
                                    "uom": "EA",
                                    "sponsoredCreative": null,
                                    "isSponsored": false,
                                    "isComplementarySponsored": false,
                                    "complementarySponsoredBadgeText": null,
                                    "productBadge": {
                                        "badgeId": "NEW",
                                        "badgeClass": null,
                                        "text": "New"
                                    }
                                },
                                {
                                    "index": 11,
                                    "productId": "21237391_EA",
                                    "productImage": [
                                        {
                                            "imageUrl": "https://assets.shop.loblaws.ca/products/21237391/b2/en/front/21237391_front_a06_@2.png",
                                            "smallUrl": "https://assets.shop.loblaws.ca/products/21237391/b1/en/front/21237391_front_a01_@2.png",
                                            "mediumUrl": "https://assets.shop.loblaws.ca/products/21237391/b3/en/front/21237391_front_a06_@2.png",
                                            "largeUrl": "https://assets.shop.loblaws.ca/products/21237391/b2/en/front/21237391_front_a06_@2.png",
                                            "smallRetinaUrl": "https://assets.shop.loblaws.ca/products/21237391/b1/en/front/21237391_front_a01_@2.png",
                                            "mediumRetinaUrl": "https://assets.shop.loblaws.ca/products/21237391/b3/en/front/21237391_front_a06_@2.png",
                                            "largeRetinaUrl": "https://assets.shop.loblaws.ca/products/21237391/b2/en/front/21237391_front_a06_@2.png"
                                        }
                                    ],
                                    "brand": null,
                                    "title": "Premium Chicken BLT",
                                    "description": "<p>Allergen Alert : We cannot guarantee that any items have not come into contact with Peanuts, Tree nuts, Milk, Fish, Crustacean, Shellfish, Egg, Soy, Sesame, Wheat Mustard, Sulphites.</p>",
                                    "packageSizing": "340 g, $2.10/100g",
                                    "pricing": {
                                        "price": "7.00",
                                        "wasPrice": null,
                                        "displayPrice": "$7.00",
                                        "memberOnlyPrice": null,
                                        "mopDisplayPrice": null
                                    },
                                    "pricingUnits": {
                                        "type": "SOLD_BY_EACH",
                                        "unit": "ea",
                                        "interval": 1,
                                        "minOrderQuantity": 1,
                                        "maxOrderQuantity": 25,
                                        "weighted": false
                                    },
                                    "deal": null,
                                    "mopDeal": null,
                                    "pcoDeal": null,
                                    "inventoryIndicator": null,
                                    "offerType": "OG",
                                    "offerId": "OG",
                                    "action": null,
                                    "isVariant": false,
                                    "link": "/premium-chicken-blt/p/21237391_EA",
                                    "productVendor": null,
                                    "productVariant": null,
                                    "textBadge": "",
                                    "variantTheme": null,
                                    "articleNumber": "21237391",
                                    "uom": "EA",
                                    "sponsoredCreative": null,
                                    "isSponsored": false,
                                    "isComplementarySponsored": false,
                                    "complementarySponsoredBadgeText": null,
                                    "productBadge": null
                                },
                                {
                                    "index": 12,
                                    "productId": "21608048_EA",
                                    "productImage": [
                                        {
                                            "imageUrl": "https://assets.shop.loblaws.ca/products/21608048/b2/en/front/21608048_front_a06_@2.png",
                                            "smallUrl": "https://assets.shop.loblaws.ca/products/21608048/b1/en/front/21608048_front_a01_@2.png",
                                            "mediumUrl": "https://assets.shop.loblaws.ca/products/21608048/b3/en/front/21608048_front_a06_@2.png",
                                            "largeUrl": "https://assets.shop.loblaws.ca/products/21608048/b2/en/front/21608048_front_a06_@2.png",
                                            "smallRetinaUrl": "https://assets.shop.loblaws.ca/products/21608048/b1/en/front/21608048_front_a01_@2.png",
                                            "mediumRetinaUrl": "https://assets.shop.loblaws.ca/products/21608048/b3/en/front/21608048_front_a06_@2.png",
                                            "largeRetinaUrl": "https://assets.shop.loblaws.ca/products/21608048/b2/en/front/21608048_front_a06_@2.png"
                                        }
                                    ],
                                    "brand": null,
                                    "title": "Creamy Coleslaw, Small",
                                    "description": null,
                                    "packageSizing": "200 g, $2.00/100g",
                                    "pricing": {
                                        "price": "4.00",
                                        "wasPrice": null,
                                        "displayPrice": "$4.00",
                                        "memberOnlyPrice": null,
                                        "mopDisplayPrice": null
                                    },
                                    "pricingUnits": {
                                        "type": "SOLD_BY_EACH",
                                        "unit": "ea",
                                        "interval": 1,
                                        "minOrderQuantity": 1,
                                        "maxOrderQuantity": 25,
                                        "weighted": false
                                    },
                                    "deal": null,
                                    "mopDeal": null,
                                    "pcoDeal": null,
                                    "inventoryIndicator": null,
                                    "offerType": "OG",
                                    "offerId": "OG",
                                    "action": null,
                                    "isVariant": false,
                                    "link": "/creamy-coleslaw-small/p/21608048_EA",
                                    "productVendor": null,
                                    "productVariant": null,
                                    "textBadge": "",
                                    "variantTheme": null,
                                    "articleNumber": "21608048",
                                    "uom": "EA",
                                    "sponsoredCreative": null,
                                    "isSponsored": false,
                                    "isComplementarySponsored": false,
                                    "complementarySponsoredBadgeText": null,
                                    "productBadge": {
                                        "badgeId": "NEW",
                                        "badgeClass": null,
                                        "text": "New"
                                    }
                                },
                                {
                                    "index": 13,
                                    "productId": "21031672_EA",
                                    "productImage": [
                                        {
                                            "imageUrl": "https://assets.shop.loblaws.ca/products/21031672/b2/en/front/21031672_front_a06_@2.png",
                                            "smallUrl": "https://assets.shop.loblaws.ca/products/21031672/b1/en/front/21031672_front_a01_@2.png",
                                            "mediumUrl": "https://assets.shop.loblaws.ca/products/21031672/b3/en/front/21031672_front_a06_@2.png",
                                            "largeUrl": "https://assets.shop.loblaws.ca/products/21031672/b2/en/front/21031672_front_a06_@2.png",
                                            "smallRetinaUrl": "https://assets.shop.loblaws.ca/products/21031672/b1/en/front/21031672_front_a01_@2.png",
                                            "mediumRetinaUrl": "https://assets.shop.loblaws.ca/products/21031672/b3/en/front/21031672_front_a06_@2.png",
                                            "largeRetinaUrl": "https://assets.shop.loblaws.ca/products/21031672/b2/en/front/21031672_front_a06_@2.png"
                                        }
                                    ],
                                    "brand": null,
                                    "title": "Chicken BLT Salad Mini",
                                    "description": null,
                                    "packageSizing": "145 g, $3.45/100g",
                                    "pricing": {
                                        "price": "5.00",
                                        "wasPrice": null,
                                        "displayPrice": "$5.00",
                                        "memberOnlyPrice": null,
                                        "mopDisplayPrice": null
                                    },
                                    "pricingUnits": {
                                        "type": "SOLD_BY_EACH",
                                        "unit": "ea",
                                        "interval": 1,
                                        "minOrderQuantity": 1,
                                        "maxOrderQuantity": 25,
                                        "weighted": false
                                    },
                                    "deal": null,
                                    "mopDeal": null,
                                    "pcoDeal": null,
                                    "inventoryIndicator": null,
                                    "offerType": "OG",
                                    "offerId": "OG",
                                    "action": null,
                                    "isVariant": false,
                                    "link": "/chicken-blt-salad-mini/p/21031672_EA",
                                    "productVendor": null,
                                    "productVariant": null,
                                    "textBadge": "",
                                    "variantTheme": null,
                                    "articleNumber": "21031672",
                                    "uom": "EA",
                                    "sponsoredCreative": null,
                                    "isSponsored": false,
                                    "isComplementarySponsored": false,
                                    "complementarySponsoredBadgeText": null,
                                    "productBadge": null
                                },
                                {
                                    "index": 14,
                                    "productId": "21608061_EA",
                                    "productImage": [
                                        {
                                            "imageUrl": "https://assets.shop.loblaws.ca/products/21608061/b2/en/front/21608061_front_a06_@2.png",
                                            "smallUrl": "https://assets.shop.loblaws.ca/products/21608061/b1/en/front/21608061_front_a01_@2.png",
                                            "mediumUrl": "https://assets.shop.loblaws.ca/products/21608061/b3/en/front/21608061_front_a06_@2.png",
                                            "largeUrl": "https://assets.shop.loblaws.ca/products/21608061/b2/en/front/21608061_front_a06_@2.png",
                                            "smallRetinaUrl": "https://assets.shop.loblaws.ca/products/21608061/b1/en/front/21608061_front_a01_@2.png",
                                            "mediumRetinaUrl": "https://assets.shop.loblaws.ca/products/21608061/b3/en/front/21608061_front_a06_@2.png",
                                            "largeRetinaUrl": "https://assets.shop.loblaws.ca/products/21608061/b2/en/front/21608061_front_a06_@2.png"
                                        }
                                    ],
                                    "brand": null,
                                    "title": "Broccoli Cashew Crunch Salad, Large",
                                    "description": null,
                                    "packageSizing": "330 g, $3.03/100g",
                                    "pricing": {
                                        "price": "10.00",
                                        "wasPrice": null,
                                        "displayPrice": "$10.00",
                                        "memberOnlyPrice": null,
                                        "mopDisplayPrice": null
                                    },
                                    "pricingUnits": {
                                        "type": "SOLD_BY_EACH",
                                        "unit": "ea",
                                        "interval": 1,
                                        "minOrderQuantity": 1,
                                        "maxOrderQuantity": 25,
                                        "weighted": false
                                    },
                                    "deal": null,
                                    "mopDeal": null,
                                    "pcoDeal": null,
                                    "inventoryIndicator": null,
                                    "offerType": "OG",
                                    "offerId": "OG",
                                    "action": null,
                                    "isVariant": false,
                                    "link": "/broccoli-cashew-crunch-salad-large/p/21608061_EA",
                                    "productVendor": null,
                                    "productVariant": null,
                                    "textBadge": "",
                                    "variantTheme": null,
                                    "articleNumber": "21608061",
                                    "uom": "EA",
                                    "sponsoredCreative": null,
                                    "isSponsored": false,
                                    "isComplementarySponsored": false,
                                    "complementarySponsoredBadgeText": null,
                                    "productBadge": {
                                        "badgeId": "NEW",
                                        "badgeClass": null,
                                        "text": "New"
                                    }
                                },
                                {
                                    "index": 15,
                                    "productId": "21538796_EA",
                                    "productImage": [
                                        {
                                            "imageUrl": "https://assets.shop.loblaws.ca/products/21538796/b2/en/front/21538796_front_a06_@2.png",
                                            "smallUrl": "https://assets.shop.loblaws.ca/products/21538796/b1/en/front/21538796_front_a01_@2.png",
                                            "mediumUrl": "https://assets.shop.loblaws.ca/products/21538796/b3/en/front/21538796_front_a06_@2.png",
                                            "largeUrl": "https://assets.shop.loblaws.ca/products/21538796/b2/en/front/21538796_front_a06_@2.png",
                                            "smallRetinaUrl": "https://assets.shop.loblaws.ca/products/21538796/b1/en/front/21538796_front_a01_@2.png",
                                            "mediumRetinaUrl": "https://assets.shop.loblaws.ca/products/21538796/b3/en/front/21538796_front_a06_@2.png",
                                            "largeRetinaUrl": "https://assets.shop.loblaws.ca/products/21538796/b2/en/front/21538796_front_a06_@2.png"
                                        },
                                        {
                                            "imageUrl": "https://assets.shop.loblaws.ca/products/21538796/b2/en/angle/21538796_angle_a06_@2.png",
                                            "smallUrl": "https://assets.shop.loblaws.ca/products/21538796/b1/en/angle/21538796_angle_a01_@2.png",
                                            "mediumUrl": "https://assets.shop.loblaws.ca/products/21538796/b3/en/angle/21538796_angle_a06_@2.png",
                                            "largeUrl": "https://assets.shop.loblaws.ca/products/21538796/b2/en/angle/21538796_angle_a06_@2.png",
                                            "smallRetinaUrl": "https://assets.shop.loblaws.ca/products/21538796/b1/en/angle/21538796_angle_a01_@2.png",
                                            "mediumRetinaUrl": "https://assets.shop.loblaws.ca/products/21538796/b3/en/angle/21538796_angle_a06_@2.png",
                                            "largeRetinaUrl": "https://assets.shop.loblaws.ca/products/21538796/b2/en/angle/21538796_angle_a06_@2.png"
                                        },
                                        {
                                            "imageUrl": "https://assets.shop.loblaws.ca/products/21538796/b2/en/side/21538796_side_a06_@2.png",
                                            "smallUrl": "https://assets.shop.loblaws.ca/products/21538796/b1/en/side/21538796_side_a01_@2.png",
                                            "mediumUrl": "https://assets.shop.loblaws.ca/products/21538796/b3/en/side/21538796_side_a06_@2.png",
                                            "largeUrl": "https://assets.shop.loblaws.ca/products/21538796/b2/en/side/21538796_side_a06_@2.png",
                                            "smallRetinaUrl": "https://assets.shop.loblaws.ca/products/21538796/b1/en/side/21538796_side_a01_@2.png",
                                            "mediumRetinaUrl": "https://assets.shop.loblaws.ca/products/21538796/b3/en/side/21538796_side_a06_@2.png",
                                            "largeRetinaUrl": "https://assets.shop.loblaws.ca/products/21538796/b2/en/side/21538796_side_a06_@2.png"
                                        },
                                        {
                                            "imageUrl": "https://assets.shop.loblaws.ca/products/21538796/b2/en/top/21538796_top_a06_@2.png",
                                            "smallUrl": "https://assets.shop.loblaws.ca/products/21538796/b1/en/top/21538796_top_a01_@2.png",
                                            "mediumUrl": "https://assets.shop.loblaws.ca/products/21538796/b3/en/top/21538796_top_a06_@2.png",
                                            "largeUrl": "https://assets.shop.loblaws.ca/products/21538796/b2/en/top/21538796_top_a06_@2.png",
                                            "smallRetinaUrl": "https://assets.shop.loblaws.ca/products/21538796/b1/en/top/21538796_top_a01_@2.png",
                                            "mediumRetinaUrl": "https://assets.shop.loblaws.ca/products/21538796/b3/en/top/21538796_top_a06_@2.png",
                                            "largeRetinaUrl": "https://assets.shop.loblaws.ca/products/21538796/b2/en/top/21538796_top_a06_@2.png"
                                        }
                                    ],
                                    "brand": null,
                                    "title": "Chicken Salad",
                                    "description": "Serves 4-6. Ready to Serve. Instore rotisserie chicken mixed with crunchy celery, red onion, green onion, bounded in creamy mayonnaise dressing. Can be eaten on its own, or in a sandwich or wrap. ",
                                    "packageSizing": "600 g, $1.67/100g",
                                    "pricing": {
                                        "price": "10.00",
                                        "wasPrice": null,
                                        "displayPrice": "$10.00",
                                        "memberOnlyPrice": null,
                                        "mopDisplayPrice": null
                                    },
                                    "pricingUnits": {
                                        "type": "SOLD_BY_EACH",
                                        "unit": "ea",
                                        "interval": 1,
                                        "minOrderQuantity": 1,
                                        "maxOrderQuantity": 25,
                                        "weighted": false
                                    },
                                    "deal": null,
                                    "mopDeal": null,
                                    "pcoDeal": null,
                                    "inventoryIndicator": null,
                                    "offerType": "OG",
                                    "offerId": "OG",
                                    "action": null,
                                    "isVariant": false,
                                    "link": "/chicken-salad/p/21538796_EA",
                                    "productVendor": null,
                                    "productVariant": null,
                                    "textBadge": "",
                                    "variantTheme": null,
                                    "articleNumber": "21538796",
                                    "uom": "EA",
                                    "sponsoredCreative": null,
                                    "isSponsored": false,
                                    "isComplementarySponsored": false,
                                    "complementarySponsoredBadgeText": null,
                                    "productBadge": null
                                },
                                {
                                    "index": 16,
                                    "productId": "21607927_EA",
                                    "productImage": [
                                        {
                                            "imageUrl": "https://assets.shop.loblaws.ca/products/21607927/b2/en/front/21607927_front_a06_@2.png",
                                            "smallUrl": "https://assets.shop.loblaws.ca/products/21607927/b1/en/front/21607927_front_a01_@2.png",
                                            "mediumUrl": "https://assets.shop.loblaws.ca/products/21607927/b3/en/front/21607927_front_a06_@2.png",
                                            "largeUrl": "https://assets.shop.loblaws.ca/products/21607927/b2/en/front/21607927_front_a06_@2.png",
                                            "smallRetinaUrl": "https://assets.shop.loblaws.ca/products/21607927/b1/en/front/21607927_front_a01_@2.png",
                                            "mediumRetinaUrl": "https://assets.shop.loblaws.ca/products/21607927/b3/en/front/21607927_front_a06_@2.png",
                                            "largeRetinaUrl": "https://assets.shop.loblaws.ca/products/21607927/b2/en/front/21607927_front_a06_@2.png"
                                        }
                                    ],
                                    "brand": null,
                                    "title": "Creamy Coleslaw, Medium",
                                    "description": null,
                                    "packageSizing": "338 g, $1.48/100g",
                                    "pricing": {
                                        "price": "5.00",
                                        "wasPrice": null,
                                        "displayPrice": "$5.00",
                                        "memberOnlyPrice": null,
                                        "mopDisplayPrice": null
                                    },
                                    "pricingUnits": {
                                        "type": "SOLD_BY_EACH",
                                        "unit": "ea",
                                        "interval": 1,
                                        "minOrderQuantity": 1,
                                        "maxOrderQuantity": 25,
                                        "weighted": false
                                    },
                                    "deal": null,
                                    "mopDeal": null,
                                    "pcoDeal": null,
                                    "inventoryIndicator": null,
                                    "offerType": "OG",
                                    "offerId": "OG",
                                    "action": null,
                                    "isVariant": false,
                                    "link": "/creamy-coleslaw-medium/p/21607927_EA",
                                    "productVendor": null,
                                    "productVariant": null,
                                    "textBadge": "",
                                    "variantTheme": null,
                                    "articleNumber": "21607927",
                                    "uom": "EA",
                                    "sponsoredCreative": null,
                                    "isSponsored": false,
                                    "isComplementarySponsored": false,
                                    "complementarySponsoredBadgeText": null,
                                    "productBadge": {
                                        "badgeId": "NEW",
                                        "badgeClass": null,
                                        "text": "New"
                                    }
                                },
                                {
                                    "index": 17,
                                    "productId": "21607928_EA",
                                    "productImage": [
                                        {
                                            "imageUrl": "https://assets.shop.loblaws.ca/products/21607928/b2/en/front/21607928_front_a06_@2.png",
                                            "smallUrl": "https://assets.shop.loblaws.ca/products/21607928/b1/en/front/21607928_front_a01_@2.png",
                                            "mediumUrl": "https://assets.shop.loblaws.ca/products/21607928/b3/en/front/21607928_front_a06_@2.png",
                                            "largeUrl": "https://assets.shop.loblaws.ca/products/21607928/b2/en/front/21607928_front_a06_@2.png",
                                            "smallRetinaUrl": "https://assets.shop.loblaws.ca/products/21607928/b1/en/front/21607928_front_a01_@2.png",
                                            "mediumRetinaUrl": "https://assets.shop.loblaws.ca/products/21607928/b3/en/front/21607928_front_a06_@2.png",
                                            "largeRetinaUrl": "https://assets.shop.loblaws.ca/products/21607928/b2/en/front/21607928_front_a06_@2.png"
                                        }
                                    ],
                                    "brand": null,
                                    "title": "Creamy Coleslaw, Large ",
                                    "description": null,
                                    "packageSizing": "422 g, $1.42/100g",
                                    "pricing": {
                                        "price": "6.00",
                                        "wasPrice": null,
                                        "displayPrice": "$6.00",
                                        "memberOnlyPrice": null,
                                        "mopDisplayPrice": null
                                    },
                                    "pricingUnits": {
                                        "type": "SOLD_BY_EACH",
                                        "unit": "ea",
                                        "interval": 1,
                                        "minOrderQuantity": 1,
                                        "maxOrderQuantity": 25,
                                        "weighted": false
                                    },
                                    "deal": null,
                                    "mopDeal": null,
                                    "pcoDeal": null,
                                    "inventoryIndicator": null,
                                    "offerType": "OG",
                                    "offerId": "OG",
                                    "action": null,
                                    "isVariant": false,
                                    "link": "/creamy-coleslaw-large/p/21607928_EA",
                                    "productVendor": null,
                                    "productVariant": null,
                                    "textBadge": "",
                                    "variantTheme": null,
                                    "articleNumber": "21607928",
                                    "uom": "EA",
                                    "sponsoredCreative": null,
                                    "isSponsored": false,
                                    "isComplementarySponsored": false,
                                    "complementarySponsoredBadgeText": null,
                                    "productBadge": {
                                        "badgeId": "NEW",
                                        "badgeClass": null,
                                        "text": "New"
                                    }
                                },
                                {
                                    "index": 18,
                                    "productId": "21538797_EA",
                                    "productImage": [
                                        {
                                            "imageUrl": "https://assets.shop.loblaws.ca/products/21538797/b2/en/front/21538797_front_a06_@2.png",
                                            "smallUrl": "https://assets.shop.loblaws.ca/products/21538797/b1/en/front/21538797_front_a01_@2.png",
                                            "mediumUrl": "https://assets.shop.loblaws.ca/products/21538797/b3/en/front/21538797_front_a06_@2.png",
                                            "largeUrl": "https://assets.shop.loblaws.ca/products/21538797/b2/en/front/21538797_front_a06_@2.png",
                                            "smallRetinaUrl": "https://assets.shop.loblaws.ca/products/21538797/b1/en/front/21538797_front_a01_@2.png",
                                            "mediumRetinaUrl": "https://assets.shop.loblaws.ca/products/21538797/b3/en/front/21538797_front_a06_@2.png",
                                            "largeRetinaUrl": "https://assets.shop.loblaws.ca/products/21538797/b2/en/front/21538797_front_a06_@2.png"
                                        },
                                        {
                                            "imageUrl": "https://assets.shop.loblaws.ca/products/21538797/b2/en/angle/21538797_angle_a06_@2.png",
                                            "smallUrl": "https://assets.shop.loblaws.ca/products/21538797/b1/en/angle/21538797_angle_a01_@2.png",
                                            "mediumUrl": "https://assets.shop.loblaws.ca/products/21538797/b3/en/angle/21538797_angle_a06_@2.png",
                                            "largeUrl": "https://assets.shop.loblaws.ca/products/21538797/b2/en/angle/21538797_angle_a06_@2.png",
                                            "smallRetinaUrl": "https://assets.shop.loblaws.ca/products/21538797/b1/en/angle/21538797_angle_a01_@2.png",
                                            "mediumRetinaUrl": "https://assets.shop.loblaws.ca/products/21538797/b3/en/angle/21538797_angle_a06_@2.png",
                                            "largeRetinaUrl": "https://assets.shop.loblaws.ca/products/21538797/b2/en/angle/21538797_angle_a06_@2.png"
                                        },
                                        {
                                            "imageUrl": "https://assets.shop.loblaws.ca/products/21538797/b2/en/side/21538797_side_a06_@2.png",
                                            "smallUrl": "https://assets.shop.loblaws.ca/products/21538797/b1/en/side/21538797_side_a01_@2.png",
                                            "mediumUrl": "https://assets.shop.loblaws.ca/products/21538797/b3/en/side/21538797_side_a06_@2.png",
                                            "largeUrl": "https://assets.shop.loblaws.ca/products/21538797/b2/en/side/21538797_side_a06_@2.png",
                                            "smallRetinaUrl": "https://assets.shop.loblaws.ca/products/21538797/b1/en/side/21538797_side_a01_@2.png",
                                            "mediumRetinaUrl": "https://assets.shop.loblaws.ca/products/21538797/b3/en/side/21538797_side_a06_@2.png",
                                            "largeRetinaUrl": "https://assets.shop.loblaws.ca/products/21538797/b2/en/side/21538797_side_a06_@2.png"
                                        },
                                        {
                                            "imageUrl": "https://assets.shop.loblaws.ca/products/21538797/b2/en/top/21538797_top_a06_@2.png",
                                            "smallUrl": "https://assets.shop.loblaws.ca/products/21538797/b1/en/top/21538797_top_a01_@2.png",
                                            "mediumUrl": "https://assets.shop.loblaws.ca/products/21538797/b3/en/top/21538797_top_a06_@2.png",
                                            "largeUrl": "https://assets.shop.loblaws.ca/products/21538797/b2/en/top/21538797_top_a06_@2.png",
                                            "smallRetinaUrl": "https://assets.shop.loblaws.ca/products/21538797/b1/en/top/21538797_top_a01_@2.png",
                                            "mediumRetinaUrl": "https://assets.shop.loblaws.ca/products/21538797/b3/en/top/21538797_top_a06_@2.png",
                                            "largeRetinaUrl": "https://assets.shop.loblaws.ca/products/21538797/b2/en/top/21538797_top_a06_@2.png"
                                        }
                                    ],
                                    "brand": null,
                                    "title": "Mediterranean Pasta Salad",
                                    "description": "Serves 4-6. Ready to Serve. Perfectly cooked bow tie pasta with a creamy vinaigrette , fresh peppers cucumber red onions topped with crumbled feta cheese. ",
                                    "packageSizing": "600 g, $1.67/100g",
                                    "pricing": {
                                        "price": "10.00",
                                        "wasPrice": null,
                                        "displayPrice": "$10.00",
                                        "memberOnlyPrice": null,
                                        "mopDisplayPrice": null
                                    },
                                    "pricingUnits": {
                                        "type": "SOLD_BY_EACH",
                                        "unit": "ea",
                                        "interval": 1,
                                        "minOrderQuantity": 1,
                                        "maxOrderQuantity": 25,
                                        "weighted": false
                                    },
                                    "deal": null,
                                    "mopDeal": null,
                                    "pcoDeal": null,
                                    "inventoryIndicator": null,
                                    "offerType": "OG",
                                    "offerId": "OG",
                                    "action": null,
                                    "isVariant": false,
                                    "link": "/mediterranean-pasta-salad/p/21538797_EA",
                                    "productVendor": null,
                                    "productVariant": null,
                                    "textBadge": "",
                                    "variantTheme": null,
                                    "articleNumber": "21538797",
                                    "uom": "EA",
                                    "sponsoredCreative": null,
                                    "isSponsored": false,
                                    "isComplementarySponsored": false,
                                    "complementarySponsoredBadgeText": null,
                                    "productBadge": null
                                },
                                {
                                    "index": 19,
                                    "productId": "21594141_KG",
                                    "productImage": [
                                        {
                                            "imageUrl": "https://assets.shop.loblaws.ca/products/21594141/b2/en/front/21594141_front_a06_@2.png",
                                            "smallUrl": "https://assets.shop.loblaws.ca/products/21594141/b1/en/front/21594141_front_a01_@2.png",
                                            "mediumUrl": "https://assets.shop.loblaws.ca/products/21594141/b3/en/front/21594141_front_a06_@2.png",
                                            "largeUrl": "https://assets.shop.loblaws.ca/products/21594141/b2/en/front/21594141_front_a06_@2.png",
                                            "smallRetinaUrl": "https://assets.shop.loblaws.ca/products/21594141/b1/en/front/21594141_front_a01_@2.png",
                                            "mediumRetinaUrl": "https://assets.shop.loblaws.ca/products/21594141/b3/en/front/21594141_front_a06_@2.png",
                                            "largeRetinaUrl": "https://assets.shop.loblaws.ca/products/21594141/b2/en/front/21594141_front_a06_@2.png"
                                        },
                                        {
                                            "imageUrl": "https://assets.shop.loblaws.ca/products/21594141/b2/en/angle/21594141_angle_a06_@2.png",
                                            "smallUrl": "https://assets.shop.loblaws.ca/products/21594141/b1/en/angle/21594141_angle_a01_@2.png",
                                            "mediumUrl": "https://assets.shop.loblaws.ca/products/21594141/b3/en/angle/21594141_angle_a06_@2.png",
                                            "largeUrl": "https://assets.shop.loblaws.ca/products/21594141/b2/en/angle/21594141_angle_a06_@2.png",
                                            "smallRetinaUrl": "https://assets.shop.loblaws.ca/products/21594141/b1/en/angle/21594141_angle_a01_@2.png",
                                            "mediumRetinaUrl": "https://assets.shop.loblaws.ca/products/21594141/b3/en/angle/21594141_angle_a06_@2.png",
                                            "largeRetinaUrl": "https://assets.shop.loblaws.ca/products/21594141/b2/en/angle/21594141_angle_a06_@2.png"
                                        },
                                        {
                                            "imageUrl": "https://assets.shop.loblaws.ca/products/21594141/b2/en/side/21594141_side_a06_@2.png",
                                            "smallUrl": "https://assets.shop.loblaws.ca/products/21594141/b1/en/side/21594141_side_a01_@2.png",
                                            "mediumUrl": "https://assets.shop.loblaws.ca/products/21594141/b3/en/side/21594141_side_a06_@2.png",
                                            "largeUrl": "https://assets.shop.loblaws.ca/products/21594141/b2/en/side/21594141_side_a06_@2.png",
                                            "smallRetinaUrl": "https://assets.shop.loblaws.ca/products/21594141/b1/en/side/21594141_side_a01_@2.png",
                                            "mediumRetinaUrl": "https://assets.shop.loblaws.ca/products/21594141/b3/en/side/21594141_side_a06_@2.png",
                                            "largeRetinaUrl": "https://assets.shop.loblaws.ca/products/21594141/b2/en/side/21594141_side_a06_@2.png"
                                        }
                                    ],
                                    "brand": null,
                                    "title": "Broccoli Cashew Crunch Salad",
                                    "description": null,
                                    "packageSizing": "$19.90/1kg",
                                    "pricing": {
                                        "price": "1.99",
                                        "wasPrice": null,
                                        "displayPrice": "$1.99",
                                        "memberOnlyPrice": null,
                                        "mopDisplayPrice": null
                                    },
                                    "pricingUnits": {
                                        "type": "SOLD_BY_WEIGHT",
                                        "unit": "g",
                                        "interval": 100,
                                        "minOrderQuantity": 100,
                                        "maxOrderQuantity": 999,
                                        "weighted": true
                                    },
                                    "deal": null,
                                    "mopDeal": null,
                                    "pcoDeal": null,
                                    "inventoryIndicator": null,
                                    "offerType": "OG",
                                    "offerId": "OG",
                                    "action": null,
                                    "isVariant": false,
                                    "link": "/broccoli-cashew-crunch-salad/p/21594141_KG",
                                    "productVendor": null,
                                    "productVariant": null,
                                    "textBadge": "",
                                    "variantTheme": null,
                                    "articleNumber": "21594141",
                                    "uom": "KG",
                                    "sponsoredCreative": null,
                                    "isSponsored": false,
                                    "isComplementarySponsored": false,
                                    "complementarySponsoredBadgeText": null,
                                    "productBadge": null
                                },
                                {
                                    "index": 20,
                                    "productId": "21594097_KG",
                                    "productImage": [
                                        {
                                            "imageUrl": "https://assets.shop.loblaws.ca/products/21594097/b2/en/front/21594097_front_a06_@2.png",
                                            "smallUrl": "https://assets.shop.loblaws.ca/products/21594097/b1/en/front/21594097_front_a01_@2.png",
                                            "mediumUrl": "https://assets.shop.loblaws.ca/products/21594097/b3/en/front/21594097_front_a06_@2.png",
                                            "largeUrl": "https://assets.shop.loblaws.ca/products/21594097/b2/en/front/21594097_front_a06_@2.png",
                                            "smallRetinaUrl": "https://assets.shop.loblaws.ca/products/21594097/b1/en/front/21594097_front_a01_@2.png",
                                            "mediumRetinaUrl": "https://assets.shop.loblaws.ca/products/21594097/b3/en/front/21594097_front_a06_@2.png",
                                            "largeRetinaUrl": "https://assets.shop.loblaws.ca/products/21594097/b2/en/front/21594097_front_a06_@2.png"
                                        },
                                        {
                                            "imageUrl": "https://assets.shop.loblaws.ca/products/21594097/b2/en/angle/21594097_angle_a06_@2.png",
                                            "smallUrl": "https://assets.shop.loblaws.ca/products/21594097/b1/en/angle/21594097_angle_a01_@2.png",
                                            "mediumUrl": "https://assets.shop.loblaws.ca/products/21594097/b3/en/angle/21594097_angle_a06_@2.png",
                                            "largeUrl": "https://assets.shop.loblaws.ca/products/21594097/b2/en/angle/21594097_angle_a06_@2.png",
                                            "smallRetinaUrl": "https://assets.shop.loblaws.ca/products/21594097/b1/en/angle/21594097_angle_a01_@2.png",
                                            "mediumRetinaUrl": "https://assets.shop.loblaws.ca/products/21594097/b3/en/angle/21594097_angle_a06_@2.png",
                                            "largeRetinaUrl": "https://assets.shop.loblaws.ca/products/21594097/b2/en/angle/21594097_angle_a06_@2.png"
                                        },
                                        {
                                            "imageUrl": "https://assets.shop.loblaws.ca/products/21594097/b2/en/side/21594097_side_a06_@2.png",
                                            "smallUrl": "https://assets.shop.loblaws.ca/products/21594097/b1/en/side/21594097_side_a01_@2.png",
                                            "mediumUrl": "https://assets.shop.loblaws.ca/products/21594097/b3/en/side/21594097_side_a06_@2.png",
                                            "largeUrl": "https://assets.shop.loblaws.ca/products/21594097/b2/en/side/21594097_side_a06_@2.png",
                                            "smallRetinaUrl": "https://assets.shop.loblaws.ca/products/21594097/b1/en/side/21594097_side_a01_@2.png",
                                            "mediumRetinaUrl": "https://assets.shop.loblaws.ca/products/21594097/b3/en/side/21594097_side_a06_@2.png",
                                            "largeRetinaUrl": "https://assets.shop.loblaws.ca/products/21594097/b2/en/side/21594097_side_a06_@2.png"
                                        }
                                    ],
                                    "brand": null,
                                    "title": "Cheddar and Bacon Potato Salad",
                                    "description": null,
                                    "packageSizing": "$19.90/1kg",
                                    "pricing": {
                                        "price": "1.99",
                                        "wasPrice": null,
                                        "displayPrice": "$1.99",
                                        "memberOnlyPrice": null,
                                        "mopDisplayPrice": null
                                    },
                                    "pricingUnits": {
                                        "type": "SOLD_BY_WEIGHT",
                                        "unit": "g",
                                        "interval": 100,
                                        "minOrderQuantity": 100,
                                        "maxOrderQuantity": 999,
                                        "weighted": true
                                    },
                                    "deal": null,
                                    "mopDeal": null,
                                    "pcoDeal": null,
                                    "inventoryIndicator": null,
                                    "offerType": "OG",
                                    "offerId": "OG",
                                    "action": null,
                                    "isVariant": false,
                                    "link": "/cheddar-and-bacon-potato-salad/p/21594097_KG",
                                    "productVendor": null,
                                    "productVariant": null,
                                    "textBadge": "",
                                    "variantTheme": null,
                                    "articleNumber": "21594097",
                                    "uom": "KG",
                                    "sponsoredCreative": null,
                                    "isSponsored": false,
                                    "isComplementarySponsored": false,
                                    "complementarySponsoredBadgeText": null,
                                    "productBadge": null
                                }
                            ],
                            "analytics": null
                        }
                    },
                    {
                        "componentId": "productCarouselComponent",
                        "contentId": "1W6kNNiCIPCXXnCRQcptEM",
                        "variantId": null,
                        "id": "1W6kNNiCIPCXXnCRQcptEM-28198",
                        "data": {
                            "headline": "Fresh Cut Fruits & Vegetables",
                            "isSponsored": null,
                            "callToAction": {
                                "text": "Shop all",
                                "url": "/food/fruits-vegetables/fresh-cut-fruits-vegetables/c/28198"
                            },
                            "headerGroup": null,
                            "productTiles": [
                                {
                                    "index": 1,
                                    "productId": "20161074_KG",
                                    "productImage": [
                                        {
                                            "imageUrl": "https://assets.shop.loblaws.ca/products/20161074/b2/en/front/20161074_front_a06_@2.png",
                                            "smallUrl": "https://assets.shop.loblaws.ca/products/20161074/b1/en/front/20161074_front_a01_@2.png",
                                            "mediumUrl": "https://assets.shop.loblaws.ca/products/20161074/b3/en/front/20161074_front_a06_@2.png",
                                            "largeUrl": "https://assets.shop.loblaws.ca/products/20161074/b2/en/front/20161074_front_a06_@2.png",
                                            "smallRetinaUrl": "https://assets.shop.loblaws.ca/products/20161074/b1/en/front/20161074_front_a01_@2.png",
                                            "mediumRetinaUrl": "https://assets.shop.loblaws.ca/products/20161074/b3/en/front/20161074_front_a06_@2.png",
                                            "largeRetinaUrl": "https://assets.shop.loblaws.ca/products/20161074/b2/en/front/20161074_front_a06_@2.png"
                                        }
                                    ],
                                    "brand": null,
                                    "title": "Watermelon Quarters",
                                    "description": null,
                                    "packageSizing": "$3.28/1kg $1.49/1lb",
                                    "pricing": {
                                        "price": "4.69",
                                        "wasPrice": null,
                                        "displayPrice": "about $4.69",
                                        "memberOnlyPrice": null,
                                        "mopDisplayPrice": null
                                    },
                                    "pricingUnits": {
                                        "type": "SOLD_BY_EACH_PRICED_BY_WEIGHT",
                                        "unit": "ea",
                                        "interval": 1,
                                        "minOrderQuantity": 1,
                                        "maxOrderQuantity": 25,
                                        "weighted": false
                                    },
                                    "deal": null,
                                    "mopDeal": null,
                                    "pcoDeal": null,
                                    "inventoryIndicator": null,
                                    "offerType": "OG",
                                    "offerId": "OG",
                                    "action": null,
                                    "isVariant": false,
                                    "link": "/watermelon-quarters/p/20161074_KG",
                                    "productVendor": null,
                                    "productVariant": null,
                                    "textBadge": "",
                                    "variantTheme": null,
                                    "articleNumber": "20161074",
                                    "uom": "KG",
                                    "sponsoredCreative": null,
                                    "isSponsored": false,
                                    "isComplementarySponsored": false,
                                    "complementarySponsoredBadgeText": null,
                                    "productBadge": null
                                },
                                {
                                    "index": 2,
                                    "productId": "20021359_KG",
                                    "productImage": [
                                        {
                                            "imageUrl": "https://assets.shop.loblaws.ca/products/20021359/b2/en/front/20021359_front_a06_@2.png",
                                            "smallUrl": "https://assets.shop.loblaws.ca/products/20021359/b1/en/front/20021359_front_a01_@2.png",
                                            "mediumUrl": "https://assets.shop.loblaws.ca/products/20021359/b3/en/front/20021359_front_a06_@2.png",
                                            "largeUrl": "https://assets.shop.loblaws.ca/products/20021359/b2/en/front/20021359_front_a06_@2.png",
                                            "smallRetinaUrl": "https://assets.shop.loblaws.ca/products/20021359/b1/en/front/20021359_front_a01_@2.png",
                                            "mediumRetinaUrl": "https://assets.shop.loblaws.ca/products/20021359/b3/en/front/20021359_front_a06_@2.png",
                                            "largeRetinaUrl": "https://assets.shop.loblaws.ca/products/20021359/b2/en/front/20021359_front_a06_@2.png"
                                        }
                                    ],
                                    "brand": null,
                                    "title": "Seedless Watermelon Sliced",
                                    "description": null,
                                    "packageSizing": "$2.84/1kg $1.29/1lb",
                                    "pricing": {
                                        "price": "1.96",
                                        "wasPrice": "$2.27",
                                        "displayPrice": "about $1.96",
                                        "memberOnlyPrice": null,
                                        "mopDisplayPrice": null
                                    },
                                    "pricingUnits": {
                                        "type": "SOLD_BY_EACH_PRICED_BY_WEIGHT",
                                        "unit": "ea",
                                        "interval": 1,
                                        "minOrderQuantity": 1,
                                        "maxOrderQuantity": 25,
                                        "weighted": false
                                    },
                                    "deal": {
                                        "type": "SALE",
                                        "text": "SAVE $0.31",
                                        "points": 0,
                                        "name": "SALE",
                                        "expiryDate": "2024-07-10T00:00:00Z",
                                        "dealPrice": null
                                    },
                                    "mopDeal": null,
                                    "pcoDeal": null,
                                    "inventoryIndicator": null,
                                    "offerType": "OG",
                                    "offerId": "OG",
                                    "action": null,
                                    "isVariant": false,
                                    "link": "/seedless-watermelon-sliced/p/20021359_KG",
                                    "productVendor": null,
                                    "productVariant": null,
                                    "textBadge": "",
                                    "variantTheme": null,
                                    "articleNumber": "20021359",
                                    "uom": "KG",
                                    "sponsoredCreative": null,
                                    "isSponsored": false,
                                    "isComplementarySponsored": false,
                                    "complementarySponsoredBadgeText": null,
                                    "productBadge": null
                                },
                                {
                                    "index": 3,
                                    "productId": "20039812_EA",
                                    "productImage": [
                                        {
                                            "imageUrl": "https://assets.shop.loblaws.ca/products/20039812/b2/en/front/20039812_front_a06_@2.png",
                                            "smallUrl": "https://assets.shop.loblaws.ca/products/20039812/b1/en/front/20039812_front_a01_@2.png",
                                            "mediumUrl": "https://assets.shop.loblaws.ca/products/20039812/b3/en/front/20039812_front_a06_@2.png",
                                            "largeUrl": "https://assets.shop.loblaws.ca/products/20039812/b2/en/front/20039812_front_a06_@2.png",
                                            "smallRetinaUrl": "https://assets.shop.loblaws.ca/products/20039812/b1/en/front/20039812_front_a01_@2.png",
                                            "mediumRetinaUrl": "https://assets.shop.loblaws.ca/products/20039812/b3/en/front/20039812_front_a06_@2.png",
                                            "largeRetinaUrl": "https://assets.shop.loblaws.ca/products/20039812/b2/en/front/20039812_front_a06_@2.png"
                                        }
                                    ],
                                    "brand": "President's Choice",
                                    "title": "Broccoli Florets",
                                    "description": "We?ve done all the prep work for you so you can enjoy fresh, nutritious vegetables in a matter of minutes. These PC ? \u00a0Broccoli Florets are washed, trimmed and ready to eat. Enjoy them raw with your favourite dip, or microwave-steam them right in the bag!",
                                    "packageSizing": "340 g, $1.47/100g",
                                    "pricing": {
                                        "price": "4.99",
                                        "wasPrice": null,
                                        "displayPrice": "$4.99",
                                        "memberOnlyPrice": null,
                                        "mopDisplayPrice": null
                                    },
                                    "pricingUnits": {
                                        "type": "SOLD_BY_EACH",
                                        "unit": "ea",
                                        "interval": 1,
                                        "minOrderQuantity": 1,
                                        "maxOrderQuantity": 25,
                                        "weighted": false
                                    },
                                    "deal": null,
                                    "mopDeal": null,
                                    "pcoDeal": null,
                                    "inventoryIndicator": null,
                                    "offerType": "OG",
                                    "offerId": "OG",
                                    "action": null,
                                    "isVariant": false,
                                    "link": "/broccoli-florets/p/20039812_EA",
                                    "productVendor": null,
                                    "productVariant": null,
                                    "textBadge": "",
                                    "variantTheme": null,
                                    "articleNumber": "20039812",
                                    "uom": "EA",
                                    "sponsoredCreative": null,
                                    "isSponsored": false,
                                    "isComplementarySponsored": false,
                                    "complementarySponsoredBadgeText": null,
                                    "productBadge": null
                                },
                                {
                                    "index": 4,
                                    "productId": "20503143_EA",
                                    "productImage": [
                                        {
                                            "imageUrl": "https://assets.shop.loblaws.ca/products/20503143/b2/en/front/20503143_front_a06_@2.png",
                                            "smallUrl": "https://assets.shop.loblaws.ca/products/20503143/b1/en/front/20503143_front_a01_@2.png",
                                            "mediumUrl": "https://assets.shop.loblaws.ca/products/20503143/b3/en/front/20503143_front_a06_@2.png",
                                            "largeUrl": "https://assets.shop.loblaws.ca/products/20503143/b2/en/front/20503143_front_a06_@2.png",
                                            "smallRetinaUrl": "https://assets.shop.loblaws.ca/products/20503143/b1/en/front/20503143_front_a01_@2.png",
                                            "mediumRetinaUrl": "https://assets.shop.loblaws.ca/products/20503143/b3/en/front/20503143_front_a06_@2.png",
                                            "largeRetinaUrl": "https://assets.shop.loblaws.ca/products/20503143/b2/en/front/20503143_front_a06_@2.png"
                                        }
                                    ],
                                    "brand": null,
                                    "title": "Gold Cored Pineapple",
                                    "description": "Pineapples have a diamond-patterned skin that resembles a pinecone with crisp, green leaves shooting out the top. The distinctive flavour of the pineapple's golden yellow flesh is sweet and tangy. Once cut, pineapple makes a great addition to smoothies, or slice yours to make a pineapple upside-down cake.",
                                    "packageSizing": "0.6 kg, $1.00/100g",
                                    "pricing": {
                                        "price": "5.99",
                                        "wasPrice": null,
                                        "displayPrice": "$5.99",
                                        "memberOnlyPrice": null,
                                        "mopDisplayPrice": null
                                    },
                                    "pricingUnits": {
                                        "type": "SOLD_BY_EACH",
                                        "unit": "ea",
                                        "interval": 1,
                                        "minOrderQuantity": 1,
                                        "maxOrderQuantity": 25,
                                        "weighted": false
                                    },
                                    "deal": null,
                                    "mopDeal": null,
                                    "pcoDeal": null,
                                    "inventoryIndicator": null,
                                    "offerType": "OG",
                                    "offerId": "OG",
                                    "action": null,
                                    "isVariant": false,
                                    "link": "/gold-cored-pineapple/p/20503143_EA",
                                    "productVendor": null,
                                    "productVariant": null,
                                    "textBadge": "",
                                    "variantTheme": null,
                                    "articleNumber": "20503143",
                                    "uom": "EA",
                                    "sponsoredCreative": null,
                                    "isSponsored": false,
                                    "isComplementarySponsored": false,
                                    "complementarySponsoredBadgeText": null,
                                    "productBadge": null
                                },
                                {
                                    "index": 5,
                                    "productId": "20171929_EA",
                                    "productImage": [
                                        {
                                            "imageUrl": "https://assets.shop.loblaws.ca/products/20171929/b2/en/front/20171929_front_a06_@2.png",
                                            "smallUrl": "https://assets.shop.loblaws.ca/products/20171929/b1/en/front/20171929_front_a01_@2.png",
                                            "mediumUrl": "https://assets.shop.loblaws.ca/products/20171929/b3/en/front/20171929_front_a06_@2.png",
                                            "largeUrl": "https://assets.shop.loblaws.ca/products/20171929/b2/en/front/20171929_front_a06_@2.png",
                                            "smallRetinaUrl": "https://assets.shop.loblaws.ca/products/20171929/b1/en/front/20171929_front_a01_@2.png",
                                            "mediumRetinaUrl": "https://assets.shop.loblaws.ca/products/20171929/b3/en/front/20171929_front_a06_@2.png",
                                            "largeRetinaUrl": "https://assets.shop.loblaws.ca/products/20171929/b2/en/front/20171929_front_a06_@2.png"
                                        }
                                    ],
                                    "brand": null,
                                    "title": "Veggie Platter, Small (Cauliflower, Broccoli, Carrots, & Celery)",
                                    "description": "This small Veggie Platter contains a delicious assortment of fresh vegetables including cauliflower, broccoli, carrots, and celery. It's perfect for parties, gatherings, or as a healthy snack option. Serve with your favourite dip for a tasty and nutritious appetizer.",
                                    "packageSizing": "850 g, $1.61/100g",
                                    "pricing": {
                                        "price": "14.00",
                                        "wasPrice": null,
                                        "displayPrice": "$14.00",
                                        "memberOnlyPrice": null,
                                        "mopDisplayPrice": null
                                    },
                                    "pricingUnits": {
                                        "type": "SOLD_BY_EACH",
                                        "unit": "ea",
                                        "interval": 1,
                                        "minOrderQuantity": 1,
                                        "maxOrderQuantity": 25,
                                        "weighted": false
                                    },
                                    "deal": null,
                                    "mopDeal": null,
                                    "pcoDeal": null,
                                    "inventoryIndicator": null,
                                    "offerType": "OG",
                                    "offerId": "OG",
                                    "action": null,
                                    "isVariant": false,
                                    "link": "/veggie-platter-small-cauliflower-broccoli-carrots/p/20171929_EA",
                                    "productVendor": null,
                                    "productVariant": null,
                                    "textBadge": "",
                                    "variantTheme": null,
                                    "articleNumber": "20171929",
                                    "uom": "EA",
                                    "sponsoredCreative": null,
                                    "isSponsored": false,
                                    "isComplementarySponsored": false,
                                    "complementarySponsoredBadgeText": null,
                                    "productBadge": null
                                },
                                {
                                    "index": 6,
                                    "productId": "20528803_EA",
                                    "productImage": [
                                        {
                                            "imageUrl": "https://assets.shop.loblaws.ca/products/20528803/b2/en/front/20528803_front_a06_@2.png",
                                            "smallUrl": "https://assets.shop.loblaws.ca/products/20528803/b1/en/front/20528803_front_a01_@2.png",
                                            "mediumUrl": "https://assets.shop.loblaws.ca/products/20528803/b3/en/front/20528803_front_a06_@2.png",
                                            "largeUrl": "https://assets.shop.loblaws.ca/products/20528803/b2/en/front/20528803_front_a06_@2.png",
                                            "smallRetinaUrl": "https://assets.shop.loblaws.ca/products/20528803/b1/en/front/20528803_front_a01_@2.png",
                                            "mediumRetinaUrl": "https://assets.shop.loblaws.ca/products/20528803/b3/en/front/20528803_front_a06_@2.png",
                                            "largeRetinaUrl": "https://assets.shop.loblaws.ca/products/20528803/b2/en/front/20528803_front_a06_@2.png"
                                        }
                                    ],
                                    "brand": "President's Choice",
                                    "title": "Green Beans",
                                    "description": "Trimmed and washed for easy preparation, these fresh, crisp green beans are packed in a convenient, microwave-safe package for easy steaming right in the bag. Enjoy in all your family favourite side dishes and stir-fries. When entertaining, serve as part of a crudit\u00e9 platter with dip.",
                                    "packageSizing": "340 g, $1.76/100g",
                                    "pricing": {
                                        "price": "5.99",
                                        "wasPrice": null,
                                        "displayPrice": "$5.99",
                                        "memberOnlyPrice": null,
                                        "mopDisplayPrice": null
                                    },
                                    "pricingUnits": {
                                        "type": "SOLD_BY_EACH",
                                        "unit": "ea",
                                        "interval": 1,
                                        "minOrderQuantity": 1,
                                        "maxOrderQuantity": 25,
                                        "weighted": false
                                    },
                                    "deal": null,
                                    "mopDeal": null,
                                    "pcoDeal": null,
                                    "inventoryIndicator": null,
                                    "offerType": "OG",
                                    "offerId": "OG",
                                    "action": null,
                                    "isVariant": false,
                                    "link": "/green-beans/p/20528803_EA",
                                    "productVendor": null,
                                    "productVariant": null,
                                    "textBadge": "",
                                    "variantTheme": null,
                                    "articleNumber": "20528803",
                                    "uom": "EA",
                                    "sponsoredCreative": null,
                                    "isSponsored": false,
                                    "isComplementarySponsored": false,
                                    "complementarySponsoredBadgeText": null,
                                    "productBadge": null
                                },
                                {
                                    "index": 7,
                                    "productId": "20810898_EA",
                                    "productImage": [
                                        {
                                            "imageUrl": "https://assets.shop.loblaws.ca/products/20810898/b2/en/front/20810898_front_a06_@2.png",
                                            "smallUrl": "https://assets.shop.loblaws.ca/products/20810898/b1/en/front/20810898_front_a01_@2.png",
                                            "mediumUrl": "https://assets.shop.loblaws.ca/products/20810898/b3/en/front/20810898_front_a06_@2.png",
                                            "largeUrl": "https://assets.shop.loblaws.ca/products/20810898/b2/en/front/20810898_front_a06_@2.png",
                                            "smallRetinaUrl": "https://assets.shop.loblaws.ca/products/20810898/b1/en/front/20810898_front_a01_@2.png",
                                            "mediumRetinaUrl": "https://assets.shop.loblaws.ca/products/20810898/b3/en/front/20810898_front_a06_@2.png",
                                            "largeRetinaUrl": "https://assets.shop.loblaws.ca/products/20810898/b2/en/front/20810898_front_a06_@2.png"
                                        }
                                    ],
                                    "brand": "Duda Farms",
                                    "title": "Duda Celery Sticks",
                                    "description": "Celery has a cluster of pale green leaved ribs surrounding a heart (inner ribs). Enjoy celery on its own or with dip as a snack, or chop for soups, stews, or a flavourful tuna salad sandwich.",
                                    "packageSizing": "454 g, $1.32/100g",
                                    "pricing": {
                                        "price": "5.99",
                                        "wasPrice": null,
                                        "displayPrice": "$5.99",
                                        "memberOnlyPrice": null,
                                        "mopDisplayPrice": null
                                    },
                                    "pricingUnits": {
                                        "type": "SOLD_BY_EACH",
                                        "unit": "ea",
                                        "interval": 1,
                                        "minOrderQuantity": 1,
                                        "maxOrderQuantity": 25,
                                        "weighted": false
                                    },
                                    "deal": null,
                                    "mopDeal": null,
                                    "pcoDeal": null,
                                    "inventoryIndicator": null,
                                    "offerType": "OG",
                                    "offerId": "OG",
                                    "action": null,
                                    "isVariant": false,
                                    "link": "/duda-celery-sticks/p/20810898_EA",
                                    "productVendor": null,
                                    "productVariant": null,
                                    "textBadge": "",
                                    "variantTheme": null,
                                    "articleNumber": "20810898",
                                    "uom": "EA",
                                    "sponsoredCreative": null,
                                    "isSponsored": false,
                                    "isComplementarySponsored": false,
                                    "complementarySponsoredBadgeText": null,
                                    "productBadge": null
                                },
                                {
                                    "index": 8,
                                    "productId": "20562728_EA",
                                    "productImage": [
                                        {
                                            "imageUrl": "https://assets.shop.loblaws.ca/products/20562728/b2/en/front/20562728_front_a06_@2.png",
                                            "smallUrl": "https://assets.shop.loblaws.ca/products/20562728/b1/en/front/20562728_front_a01_@2.png",
                                            "mediumUrl": "https://assets.shop.loblaws.ca/products/20562728/b3/en/front/20562728_front_a06_@2.png",
                                            "largeUrl": "https://assets.shop.loblaws.ca/products/20562728/b2/en/front/20562728_front_a06_@2.png",
                                            "smallRetinaUrl": "https://assets.shop.loblaws.ca/products/20562728/b1/en/front/20562728_front_a01_@2.png",
                                            "mediumRetinaUrl": "https://assets.shop.loblaws.ca/products/20562728/b3/en/front/20562728_front_a06_@2.png",
                                            "largeRetinaUrl": "https://assets.shop.loblaws.ca/products/20562728/b2/en/front/20562728_front_a06_@2.png"
                                        }
                                    ],
                                    "brand": "President's Choice",
                                    "title": "Broccoli Florets",
                                    "description": "These fresh-tasting, premium cut broccoli florets are packed for your convenience.",
                                    "packageSizing": "907 g, $1.10/100g",
                                    "pricing": {
                                        "price": "9.99",
                                        "wasPrice": null,
                                        "displayPrice": "$9.99",
                                        "memberOnlyPrice": null,
                                        "mopDisplayPrice": null
                                    },
                                    "pricingUnits": {
                                        "type": "SOLD_BY_EACH",
                                        "unit": "ea",
                                        "interval": 1,
                                        "minOrderQuantity": 1,
                                        "maxOrderQuantity": 25,
                                        "weighted": false
                                    },
                                    "deal": null,
                                    "mopDeal": null,
                                    "pcoDeal": null,
                                    "inventoryIndicator": {
                                        "indicatorId": "LOW",
                                        "text": "Low Stock"
                                    },
                                    "offerType": "OG",
                                    "offerId": "OG",
                                    "action": null,
                                    "isVariant": false,
                                    "link": "/broccoli-florets/p/20562728_EA",
                                    "productVendor": null,
                                    "productVariant": null,
                                    "textBadge": "low-inventory",
                                    "variantTheme": null,
                                    "articleNumber": "20562728",
                                    "uom": "EA",
                                    "sponsoredCreative": null,
                                    "isSponsored": false,
                                    "isComplementarySponsored": false,
                                    "complementarySponsoredBadgeText": null,
                                    "productBadge": null
                                },
                                {
                                    "index": 9,
                                    "productId": "21219812_EA",
                                    "productImage": [
                                        {
                                            "imageUrl": "https://assets.shop.loblaws.ca/products/21219812/b2/en/front/21219812_front_a06_@2.png",
                                            "smallUrl": "https://assets.shop.loblaws.ca/products/21219812/b1/en/front/21219812_front_a01_@2.png",
                                            "mediumUrl": "https://assets.shop.loblaws.ca/products/21219812/b3/en/front/21219812_front_a06_@2.png",
                                            "largeUrl": "https://assets.shop.loblaws.ca/products/21219812/b2/en/front/21219812_front_a06_@2.png",
                                            "smallRetinaUrl": "https://assets.shop.loblaws.ca/products/21219812/b1/en/front/21219812_front_a01_@2.png",
                                            "mediumRetinaUrl": "https://assets.shop.loblaws.ca/products/21219812/b3/en/front/21219812_front_a06_@2.png",
                                            "largeRetinaUrl": "https://assets.shop.loblaws.ca/products/21219812/b2/en/front/21219812_front_a06_@2.png"
                                        },
                                        {
                                            "imageUrl": "https://assets.shop.loblaws.ca/products/21219812/b2/en/angle/21219812_angle_a06_@2.png",
                                            "smallUrl": "https://assets.shop.loblaws.ca/products/21219812/b1/en/angle/21219812_angle_a01_@2.png",
                                            "mediumUrl": "https://assets.shop.loblaws.ca/products/21219812/b3/en/angle/21219812_angle_a06_@2.png",
                                            "largeUrl": "https://assets.shop.loblaws.ca/products/21219812/b2/en/angle/21219812_angle_a06_@2.png",
                                            "smallRetinaUrl": "https://assets.shop.loblaws.ca/products/21219812/b1/en/angle/21219812_angle_a01_@2.png",
                                            "mediumRetinaUrl": "https://assets.shop.loblaws.ca/products/21219812/b3/en/angle/21219812_angle_a06_@2.png",
                                            "largeRetinaUrl": "https://assets.shop.loblaws.ca/products/21219812/b2/en/angle/21219812_angle_a06_@2.png"
                                        }
                                    ],
                                    "brand": null,
                                    "title": "Fresh Berry Bowl, Small",
                                    "description": null,
                                    "packageSizing": "295 g, $0.70/100g",
                                    "pricing": {
                                        "price": "7.00",
                                        "wasPrice": null,
                                        "displayPrice": "$7.00",
                                        "memberOnlyPrice": null,
                                        "mopDisplayPrice": null
                                    },
                                    "pricingUnits": {
                                        "type": "SOLD_BY_EACH",
                                        "unit": "ea",
                                        "interval": 1,
                                        "minOrderQuantity": 1,
                                        "maxOrderQuantity": 25,
                                        "weighted": false
                                    },
                                    "deal": null,
                                    "mopDeal": null,
                                    "pcoDeal": null,
                                    "inventoryIndicator": null,
                                    "offerType": "OG",
                                    "offerId": "OG",
                                    "action": null,
                                    "isVariant": false,
                                    "link": "/fresh-berry-bowl-small/p/21219812_EA",
                                    "productVendor": null,
                                    "productVariant": null,
                                    "textBadge": "",
                                    "variantTheme": null,
                                    "articleNumber": "21219812",
                                    "uom": "EA",
                                    "sponsoredCreative": null,
                                    "isSponsored": false,
                                    "isComplementarySponsored": false,
                                    "complementarySponsoredBadgeText": null,
                                    "productBadge": null
                                },
                                {
                                    "index": 10,
                                    "productId": "21219781_EA",
                                    "productImage": [
                                        {
                                            "imageUrl": "https://assets.shop.loblaws.ca/products/21219781/b2/en/front/21219781_front_a06_@2.png",
                                            "smallUrl": "https://assets.shop.loblaws.ca/products/21219781/b1/en/front/21219781_front_a01_@2.png",
                                            "mediumUrl": "https://assets.shop.loblaws.ca/products/21219781/b3/en/front/21219781_front_a06_@2.png",
                                            "largeUrl": "https://assets.shop.loblaws.ca/products/21219781/b2/en/front/21219781_front_a06_@2.png",
                                            "smallRetinaUrl": "https://assets.shop.loblaws.ca/products/21219781/b1/en/front/21219781_front_a01_@2.png",
                                            "mediumRetinaUrl": "https://assets.shop.loblaws.ca/products/21219781/b3/en/front/21219781_front_a06_@2.png",
                                            "largeRetinaUrl": "https://assets.shop.loblaws.ca/products/21219781/b2/en/front/21219781_front_a06_@2.png"
                                        }
                                    ],
                                    "brand": null,
                                    "title": "Pineapple Cubed Small",
                                    "description": null,
                                    "packageSizing": "350 g, $0.50/100g",
                                    "pricing": {
                                        "price": "5.00",
                                        "wasPrice": null,
                                        "displayPrice": "$5.00",
                                        "memberOnlyPrice": null,
                                        "mopDisplayPrice": null
                                    },
                                    "pricingUnits": {
                                        "type": "SOLD_BY_EACH",
                                        "unit": "ea",
                                        "interval": 1,
                                        "minOrderQuantity": 1,
                                        "maxOrderQuantity": 25,
                                        "weighted": false
                                    },
                                    "deal": null,
                                    "mopDeal": null,
                                    "pcoDeal": null,
                                    "inventoryIndicator": null,
                                    "offerType": "OG",
                                    "offerId": "OG",
                                    "action": null,
                                    "isVariant": false,
                                    "link": "/pineapple-cubed-small/p/21219781_EA",
                                    "productVendor": null,
                                    "productVariant": null,
                                    "textBadge": "",
                                    "variantTheme": null,
                                    "articleNumber": "21219781",
                                    "uom": "EA",
                                    "sponsoredCreative": null,
                                    "isSponsored": false,
                                    "isComplementarySponsored": false,
                                    "complementarySponsoredBadgeText": null,
                                    "productBadge": null
                                },
                                {
                                    "index": 11,
                                    "productId": "20025276_EA",
                                    "productImage": [
                                        {
                                            "imageUrl": "https://assets.shop.loblaws.ca/products/20025276/b2/en/front/20025276_front_a06_@2.png",
                                            "smallUrl": "https://assets.shop.loblaws.ca/products/20025276/b1/en/front/20025276_front_a01_@2.png",
                                            "mediumUrl": "https://assets.shop.loblaws.ca/products/20025276/b3/en/front/20025276_front_a06_@2.png",
                                            "largeUrl": "https://assets.shop.loblaws.ca/products/20025276/b2/en/front/20025276_front_a06_@2.png",
                                            "smallRetinaUrl": "https://assets.shop.loblaws.ca/products/20025276/b1/en/front/20025276_front_a01_@2.png",
                                            "mediumRetinaUrl": "https://assets.shop.loblaws.ca/products/20025276/b3/en/front/20025276_front_a06_@2.png",
                                            "largeRetinaUrl": "https://assets.shop.loblaws.ca/products/20025276/b2/en/front/20025276_front_a06_@2.png"
                                        },
                                        {
                                            "imageUrl": "https://assets.shop.loblaws.ca/products/20025276/b2/en/open/20025276_open_a06_@2.png",
                                            "smallUrl": "https://assets.shop.loblaws.ca/products/20025276/b1/en/open/20025276_open_a01_@2.png",
                                            "mediumUrl": "https://assets.shop.loblaws.ca/products/20025276/b3/en/open/20025276_open_a06_@2.png",
                                            "largeUrl": "https://assets.shop.loblaws.ca/products/20025276/b2/en/open/20025276_open_a06_@2.png",
                                            "smallRetinaUrl": "https://assets.shop.loblaws.ca/products/20025276/b1/en/open/20025276_open_a01_@2.png",
                                            "mediumRetinaUrl": "https://assets.shop.loblaws.ca/products/20025276/b3/en/open/20025276_open_a06_@2.png",
                                            "largeRetinaUrl": "https://assets.shop.loblaws.ca/products/20025276/b2/en/open/20025276_open_a06_@2.png"
                                        }
                                    ],
                                    "brand": null,
                                    "title": "Veggie Tripack",
                                    "description": "Tray includes cauliflower, carrots, and broccoli.",
                                    "packageSizing": "800 g, $1.69/100g",
                                    "pricing": {
                                        "price": "14.00",
                                        "wasPrice": null,
                                        "displayPrice": "$14.00",
                                        "memberOnlyPrice": null,
                                        "mopDisplayPrice": null
                                    },
                                    "pricingUnits": {
                                        "type": "SOLD_BY_EACH",
                                        "unit": "ea",
                                        "interval": 1,
                                        "minOrderQuantity": 1,
                                        "maxOrderQuantity": 25,
                                        "weighted": false
                                    },
                                    "deal": null,
                                    "mopDeal": null,
                                    "pcoDeal": null,
                                    "inventoryIndicator": null,
                                    "offerType": "OG",
                                    "offerId": "OG",
                                    "action": null,
                                    "isVariant": false,
                                    "link": "/veggie-tripack/p/20025276_EA",
                                    "productVendor": null,
                                    "productVariant": null,
                                    "textBadge": "",
                                    "variantTheme": null,
                                    "articleNumber": "20025276",
                                    "uom": "EA",
                                    "sponsoredCreative": null,
                                    "isSponsored": false,
                                    "isComplementarySponsored": false,
                                    "complementarySponsoredBadgeText": null,
                                    "productBadge": null
                                },
                                {
                                    "index": 12,
                                    "productId": "21219679_EA",
                                    "productImage": [
                                        {
                                            "imageUrl": "https://assets.shop.loblaws.ca/products/21219679/b2/en/front/21219679_front_a06_@2.png",
                                            "smallUrl": "https://assets.shop.loblaws.ca/products/21219679/b1/en/front/21219679_front_a01_@2.png",
                                            "mediumUrl": "https://assets.shop.loblaws.ca/products/21219679/b3/en/front/21219679_front_a06_@2.png",
                                            "largeUrl": "https://assets.shop.loblaws.ca/products/21219679/b2/en/front/21219679_front_a06_@2.png",
                                            "smallRetinaUrl": "https://assets.shop.loblaws.ca/products/21219679/b1/en/front/21219679_front_a01_@2.png",
                                            "mediumRetinaUrl": "https://assets.shop.loblaws.ca/products/21219679/b3/en/front/21219679_front_a06_@2.png",
                                            "largeRetinaUrl": "https://assets.shop.loblaws.ca/products/21219679/b2/en/front/21219679_front_a06_@2.png"
                                        },
                                        {
                                            "imageUrl": "https://assets.shop.loblaws.ca/products/21219679/b2/en/angle/21219679_angle_a06_@2.png",
                                            "smallUrl": "https://assets.shop.loblaws.ca/products/21219679/b1/en/angle/21219679_angle_a01_@2.png",
                                            "mediumUrl": "https://assets.shop.loblaws.ca/products/21219679/b3/en/angle/21219679_angle_a06_@2.png",
                                            "largeUrl": "https://assets.shop.loblaws.ca/products/21219679/b2/en/angle/21219679_angle_a06_@2.png",
                                            "smallRetinaUrl": "https://assets.shop.loblaws.ca/products/21219679/b1/en/angle/21219679_angle_a01_@2.png",
                                            "mediumRetinaUrl": "https://assets.shop.loblaws.ca/products/21219679/b3/en/angle/21219679_angle_a06_@2.png",
                                            "largeRetinaUrl": "https://assets.shop.loblaws.ca/products/21219679/b2/en/angle/21219679_angle_a06_@2.png"
                                        }
                                    ],
                                    "brand": null,
                                    "title": "Fresh Cut Fruit Salad, Small",
                                    "description": null,
                                    "packageSizing": "440 g, $1.59/100g",
                                    "pricing": {
                                        "price": "7.00",
                                        "wasPrice": null,
                                        "displayPrice": "$7.00",
                                        "memberOnlyPrice": null,
                                        "mopDisplayPrice": null
                                    },
                                    "pricingUnits": {
                                        "type": "SOLD_BY_EACH",
                                        "unit": "ea",
                                        "interval": 1,
                                        "minOrderQuantity": 1,
                                        "maxOrderQuantity": 25,
                                        "weighted": false
                                    },
                                    "deal": null,
                                    "mopDeal": null,
                                    "pcoDeal": null,
                                    "inventoryIndicator": null,
                                    "offerType": "OG",
                                    "offerId": "OG",
                                    "action": null,
                                    "isVariant": false,
                                    "link": "/fresh-cut-fruit-salad-small/p/21219679_EA",
                                    "productVendor": null,
                                    "productVariant": null,
                                    "textBadge": "",
                                    "variantTheme": null,
                                    "articleNumber": "21219679",
                                    "uom": "EA",
                                    "sponsoredCreative": null,
                                    "isSponsored": false,
                                    "isComplementarySponsored": false,
                                    "complementarySponsoredBadgeText": null,
                                    "productBadge": null
                                },
                                {
                                    "index": 13,
                                    "productId": "21219778_EA",
                                    "productImage": [
                                        {
                                            "imageUrl": "https://assets.shop.loblaws.ca/products/21219778/b2/en/front/21219778_front_a06_@2.png",
                                            "smallUrl": "https://assets.shop.loblaws.ca/products/21219778/b1/en/front/21219778_front_a01_@2.png",
                                            "mediumUrl": "https://assets.shop.loblaws.ca/products/21219778/b3/en/front/21219778_front_a06_@2.png",
                                            "largeUrl": "https://assets.shop.loblaws.ca/products/21219778/b2/en/front/21219778_front_a06_@2.png",
                                            "smallRetinaUrl": "https://assets.shop.loblaws.ca/products/21219778/b1/en/front/21219778_front_a01_@2.png",
                                            "mediumRetinaUrl": "https://assets.shop.loblaws.ca/products/21219778/b3/en/front/21219778_front_a06_@2.png",
                                            "largeRetinaUrl": "https://assets.shop.loblaws.ca/products/21219778/b2/en/front/21219778_front_a06_@2.png"
                                        }
                                    ],
                                    "brand": null,
                                    "title": "Watermelon Cubed Small 300G",
                                    "description": null,
                                    "packageSizing": "300 g, $0.50/100g",
                                    "pricing": {
                                        "price": "5.00",
                                        "wasPrice": null,
                                        "displayPrice": "$5.00",
                                        "memberOnlyPrice": null,
                                        "mopDisplayPrice": null
                                    },
                                    "pricingUnits": {
                                        "type": "SOLD_BY_EACH",
                                        "unit": "ea",
                                        "interval": 1,
                                        "minOrderQuantity": 1,
                                        "maxOrderQuantity": 25,
                                        "weighted": false
                                    },
                                    "deal": null,
                                    "mopDeal": null,
                                    "pcoDeal": null,
                                    "inventoryIndicator": null,
                                    "offerType": "OG",
                                    "offerId": "OG",
                                    "action": null,
                                    "isVariant": false,
                                    "link": "/watermelon-cubed-small-300g/p/21219778_EA",
                                    "productVendor": null,
                                    "productVariant": null,
                                    "textBadge": "",
                                    "variantTheme": null,
                                    "articleNumber": "21219778",
                                    "uom": "EA",
                                    "sponsoredCreative": null,
                                    "isSponsored": false,
                                    "isComplementarySponsored": false,
                                    "complementarySponsoredBadgeText": null,
                                    "productBadge": null
                                },
                                {
                                    "index": 14,
                                    "productId": "21219725_EA",
                                    "productImage": [
                                        {
                                            "imageUrl": "https://assets.shop.loblaws.ca/products/21219725/b2/en/front/21219725_front_a06_@2.png",
                                            "smallUrl": "https://assets.shop.loblaws.ca/products/21219725/b1/en/front/21219725_front_a01_@2.png",
                                            "mediumUrl": "https://assets.shop.loblaws.ca/products/21219725/b3/en/front/21219725_front_a06_@2.png",
                                            "largeUrl": "https://assets.shop.loblaws.ca/products/21219725/b2/en/front/21219725_front_a06_@2.png",
                                            "smallRetinaUrl": "https://assets.shop.loblaws.ca/products/21219725/b1/en/front/21219725_front_a01_@2.png",
                                            "mediumRetinaUrl": "https://assets.shop.loblaws.ca/products/21219725/b3/en/front/21219725_front_a06_@2.png",
                                            "largeRetinaUrl": "https://assets.shop.loblaws.ca/products/21219725/b2/en/front/21219725_front_a06_@2.png"
                                        }
                                    ],
                                    "brand": null,
                                    "title": "Watermelon Cubed Large",
                                    "description": null,
                                    "packageSizing": "550 g, $1.45/100g",
                                    "pricing": {
                                        "price": "8.00",
                                        "wasPrice": null,
                                        "displayPrice": "$8.00",
                                        "memberOnlyPrice": null,
                                        "mopDisplayPrice": null
                                    },
                                    "pricingUnits": {
                                        "type": "SOLD_BY_EACH",
                                        "unit": "ea",
                                        "interval": 1,
                                        "minOrderQuantity": 1,
                                        "maxOrderQuantity": 25,
                                        "weighted": false
                                    },
                                    "deal": null,
                                    "mopDeal": null,
                                    "pcoDeal": null,
                                    "inventoryIndicator": null,
                                    "offerType": "OG",
                                    "offerId": "OG",
                                    "action": null,
                                    "isVariant": false,
                                    "link": "/watermelon-cubed-large/p/21219725_EA",
                                    "productVendor": null,
                                    "productVariant": null,
                                    "textBadge": "",
                                    "variantTheme": null,
                                    "articleNumber": "21219725",
                                    "uom": "EA",
                                    "sponsoredCreative": null,
                                    "isSponsored": false,
                                    "isComplementarySponsored": false,
                                    "complementarySponsoredBadgeText": null,
                                    "productBadge": null
                                },
                                {
                                    "index": 15,
                                    "productId": "21219810_EA",
                                    "productImage": [
                                        {
                                            "imageUrl": "https://assets.shop.loblaws.ca/products/21219810/b2/en/front/21219810_front_a06_@2.png",
                                            "smallUrl": "https://assets.shop.loblaws.ca/products/21219810/b1/en/front/21219810_front_a01_@2.png",
                                            "mediumUrl": "https://assets.shop.loblaws.ca/products/21219810/b3/en/front/21219810_front_a06_@2.png",
                                            "largeUrl": "https://assets.shop.loblaws.ca/products/21219810/b2/en/front/21219810_front_a06_@2.png",
                                            "smallRetinaUrl": "https://assets.shop.loblaws.ca/products/21219810/b1/en/front/21219810_front_a01_@2.png",
                                            "mediumRetinaUrl": "https://assets.shop.loblaws.ca/products/21219810/b3/en/front/21219810_front_a06_@2.png",
                                            "largeRetinaUrl": "https://assets.shop.loblaws.ca/products/21219810/b2/en/front/21219810_front_a06_@2.png"
                                        }
                                    ],
                                    "brand": null,
                                    "title": "Small Cubed Cantaloupe",
                                    "description": null,
                                    "packageSizing": "300 g, $1.67/100g",
                                    "pricing": {
                                        "price": "5.00",
                                        "wasPrice": null,
                                        "displayPrice": "$5.00",
                                        "memberOnlyPrice": null,
                                        "mopDisplayPrice": null
                                    },
                                    "pricingUnits": {
                                        "type": "SOLD_BY_EACH",
                                        "unit": "ea",
                                        "interval": 1,
                                        "minOrderQuantity": 1,
                                        "maxOrderQuantity": 25,
                                        "weighted": false
                                    },
                                    "deal": null,
                                    "mopDeal": null,
                                    "pcoDeal": null,
                                    "inventoryIndicator": null,
                                    "offerType": "OG",
                                    "offerId": "OG",
                                    "action": null,
                                    "isVariant": false,
                                    "link": "/small-cubed-cantaloupe/p/21219810_EA",
                                    "productVendor": null,
                                    "productVariant": null,
                                    "textBadge": "",
                                    "variantTheme": null,
                                    "articleNumber": "21219810",
                                    "uom": "EA",
                                    "sponsoredCreative": null,
                                    "isSponsored": false,
                                    "isComplementarySponsored": false,
                                    "complementarySponsoredBadgeText": null,
                                    "productBadge": null
                                },
                                {
                                    "index": 16,
                                    "productId": "20083678_EA",
                                    "productImage": [
                                        {
                                            "imageUrl": "https://assets.shop.loblaws.ca/products/20083678/b2/en/front/20083678_front_a06_@2.png",
                                            "smallUrl": "https://assets.shop.loblaws.ca/products/20083678/b1/en/front/20083678_front_a01_@2.png",
                                            "mediumUrl": "https://assets.shop.loblaws.ca/products/20083678/b3/en/front/20083678_front_a06_@2.png",
                                            "largeUrl": "https://assets.shop.loblaws.ca/products/20083678/b2/en/front/20083678_front_a06_@2.png",
                                            "smallRetinaUrl": "https://assets.shop.loblaws.ca/products/20083678/b1/en/front/20083678_front_a01_@2.png",
                                            "mediumRetinaUrl": "https://assets.shop.loblaws.ca/products/20083678/b3/en/front/20083678_front_a06_@2.png",
                                            "largeRetinaUrl": "https://assets.shop.loblaws.ca/products/20083678/b2/en/front/20083678_front_a06_@2.png"
                                        }
                                    ],
                                    "brand": null,
                                    "title": "Mixed Fruit Parfait",
                                    "description": "This item is only available for pickup after 12PM.",
                                    "packageSizing": "290 g, $1.69/100g",
                                    "pricing": {
                                        "price": "5.00",
                                        "wasPrice": null,
                                        "displayPrice": "$5.00",
                                        "memberOnlyPrice": null,
                                        "mopDisplayPrice": null
                                    },
                                    "pricingUnits": {
                                        "type": "SOLD_BY_EACH",
                                        "unit": "ea",
                                        "interval": 1,
                                        "minOrderQuantity": 1,
                                        "maxOrderQuantity": 25,
                                        "weighted": false
                                    },
                                    "deal": null,
                                    "mopDeal": null,
                                    "pcoDeal": null,
                                    "inventoryIndicator": null,
                                    "offerType": "OG",
                                    "offerId": "OG",
                                    "action": null,
                                    "isVariant": false,
                                    "link": "/mixed-fruit-parfait/p/20083678_EA",
                                    "productVendor": null,
                                    "productVariant": null,
                                    "textBadge": "",
                                    "variantTheme": null,
                                    "articleNumber": "20083678",
                                    "uom": "EA",
                                    "sponsoredCreative": null,
                                    "isSponsored": false,
                                    "isComplementarySponsored": false,
                                    "complementarySponsoredBadgeText": null,
                                    "productBadge": null
                                },
                                {
                                    "index": 17,
                                    "productId": "21219720_EA",
                                    "productImage": [
                                        {
                                            "imageUrl": "https://assets.shop.loblaws.ca/products/21219720/b2/en/front/21219720_front_a06_@2.png",
                                            "smallUrl": "https://assets.shop.loblaws.ca/products/21219720/b1/en/front/21219720_front_a01_@2.png",
                                            "mediumUrl": "https://assets.shop.loblaws.ca/products/21219720/b3/en/front/21219720_front_a06_@2.png",
                                            "largeUrl": "https://assets.shop.loblaws.ca/products/21219720/b2/en/front/21219720_front_a06_@2.png",
                                            "smallRetinaUrl": "https://assets.shop.loblaws.ca/products/21219720/b1/en/front/21219720_front_a01_@2.png",
                                            "mediumRetinaUrl": "https://assets.shop.loblaws.ca/products/21219720/b3/en/front/21219720_front_a06_@2.png",
                                            "largeRetinaUrl": "https://assets.shop.loblaws.ca/products/21219720/b2/en/front/21219720_front_a06_@2.png"
                                        }
                                    ],
                                    "brand": null,
                                    "title": "Pineapple Cubed Large",
                                    "description": null,
                                    "packageSizing": "1 kg, $1.03/100g",
                                    "pricing": {
                                        "price": "8.00",
                                        "wasPrice": null,
                                        "displayPrice": "$8.00",
                                        "memberOnlyPrice": null,
                                        "mopDisplayPrice": null
                                    },
                                    "pricingUnits": {
                                        "type": "SOLD_BY_EACH",
                                        "unit": "ea",
                                        "interval": 1,
                                        "minOrderQuantity": 1,
                                        "maxOrderQuantity": 25,
                                        "weighted": false
                                    },
                                    "deal": null,
                                    "mopDeal": null,
                                    "pcoDeal": null,
                                    "inventoryIndicator": null,
                                    "offerType": "OG",
                                    "offerId": "OG",
                                    "action": null,
                                    "isVariant": false,
                                    "link": "/pineapple-cubed-large/p/21219720_EA",
                                    "productVendor": null,
                                    "productVariant": null,
                                    "textBadge": "",
                                    "variantTheme": null,
                                    "articleNumber": "21219720",
                                    "uom": "EA",
                                    "sponsoredCreative": null,
                                    "isSponsored": false,
                                    "isComplementarySponsored": false,
                                    "complementarySponsoredBadgeText": null,
                                    "productBadge": null
                                },
                                {
                                    "index": 18,
                                    "productId": "21219675_EA",
                                    "productImage": [
                                        {
                                            "imageUrl": "https://assets.shop.loblaws.ca/products/21219675/b2/en/front/21219675_front_a06_@2.png",
                                            "smallUrl": "https://assets.shop.loblaws.ca/products/21219675/b1/en/front/21219675_front_a01_@2.png",
                                            "mediumUrl": "https://assets.shop.loblaws.ca/products/21219675/b3/en/front/21219675_front_a06_@2.png",
                                            "largeUrl": "https://assets.shop.loblaws.ca/products/21219675/b2/en/front/21219675_front_a06_@2.png",
                                            "smallRetinaUrl": "https://assets.shop.loblaws.ca/products/21219675/b1/en/front/21219675_front_a01_@2.png",
                                            "mediumRetinaUrl": "https://assets.shop.loblaws.ca/products/21219675/b3/en/front/21219675_front_a06_@2.png",
                                            "largeRetinaUrl": "https://assets.shop.loblaws.ca/products/21219675/b2/en/front/21219675_front_a06_@2.png"
                                        }
                                    ],
                                    "brand": null,
                                    "title": "Pineapple/Straws Large",
                                    "description": null,
                                    "packageSizing": "600 g, $1.67/100g",
                                    "pricing": {
                                        "price": "10.00",
                                        "wasPrice": null,
                                        "displayPrice": "$10.00",
                                        "memberOnlyPrice": null,
                                        "mopDisplayPrice": null
                                    },
                                    "pricingUnits": {
                                        "type": "SOLD_BY_EACH",
                                        "unit": "ea",
                                        "interval": 1,
                                        "minOrderQuantity": 1,
                                        "maxOrderQuantity": 25,
                                        "weighted": false
                                    },
                                    "deal": null,
                                    "mopDeal": null,
                                    "pcoDeal": null,
                                    "inventoryIndicator": null,
                                    "offerType": "OG",
                                    "offerId": "OG",
                                    "action": null,
                                    "isVariant": false,
                                    "link": "/pineapple-straws-large/p/21219675_EA",
                                    "productVendor": null,
                                    "productVariant": null,
                                    "textBadge": "",
                                    "variantTheme": null,
                                    "articleNumber": "21219675",
                                    "uom": "EA",
                                    "sponsoredCreative": null,
                                    "isSponsored": false,
                                    "isComplementarySponsored": false,
                                    "complementarySponsoredBadgeText": null,
                                    "productBadge": null
                                },
                                {
                                    "index": 19,
                                    "productId": "20186654_EA",
                                    "productImage": [
                                        {
                                            "imageUrl": "https://assets.shop.loblaws.ca/products/20186654/b2/en/front/20186654_front_a06_@2.png",
                                            "smallUrl": "https://assets.shop.loblaws.ca/products/20186654/b1/en/front/20186654_front_a01_@2.png",
                                            "mediumUrl": "https://assets.shop.loblaws.ca/products/20186654/b3/en/front/20186654_front_a06_@2.png",
                                            "largeUrl": "https://assets.shop.loblaws.ca/products/20186654/b2/en/front/20186654_front_a06_@2.png",
                                            "smallRetinaUrl": "https://assets.shop.loblaws.ca/products/20186654/b1/en/front/20186654_front_a01_@2.png",
                                            "mediumRetinaUrl": "https://assets.shop.loblaws.ca/products/20186654/b3/en/front/20186654_front_a06_@2.png",
                                            "largeRetinaUrl": "https://assets.shop.loblaws.ca/products/20186654/b2/en/front/20186654_front_a06_@2.png"
                                        }
                                    ],
                                    "brand": "President's Choice",
                                    "title": "Vegetable Medley",
                                    "description": "We've done all the prep work for you so you can enjoy fresh, nutritious vegetables in a matter of minutes. This PC Vegetable Medley is washed, trimmed and ready to eat. Enjoy it raw with your favourite dip or cook on the stovetop or in the microwave.",
                                    "packageSizing": "340 g, $1.76/100g",
                                    "pricing": {
                                        "price": "5.99",
                                        "wasPrice": null,
                                        "displayPrice": "$5.99",
                                        "memberOnlyPrice": null,
                                        "mopDisplayPrice": null
                                    },
                                    "pricingUnits": {
                                        "type": "SOLD_BY_EACH",
                                        "unit": "ea",
                                        "interval": 1,
                                        "minOrderQuantity": 1,
                                        "maxOrderQuantity": 25,
                                        "weighted": false
                                    },
                                    "deal": null,
                                    "mopDeal": null,
                                    "pcoDeal": null,
                                    "inventoryIndicator": null,
                                    "offerType": "OG",
                                    "offerId": "OG",
                                    "action": null,
                                    "isVariant": false,
                                    "link": "/vegetable-medley/p/20186654_EA",
                                    "productVendor": null,
                                    "productVariant": null,
                                    "textBadge": "",
                                    "variantTheme": null,
                                    "articleNumber": "20186654",
                                    "uom": "EA",
                                    "sponsoredCreative": null,
                                    "isSponsored": false,
                                    "isComplementarySponsored": false,
                                    "complementarySponsoredBadgeText": null,
                                    "productBadge": null
                                },
                                {
                                    "index": 20,
                                    "productId": "20657325_EA",
                                    "productImage": [
                                        {
                                            "imageUrl": "https://assets.shop.loblaws.ca/products/20657325/b2/en/front/20657325_front_a06_@2.png",
                                            "smallUrl": "https://assets.shop.loblaws.ca/products/20657325/b1/en/front/20657325_front_a01_@2.png",
                                            "mediumUrl": "https://assets.shop.loblaws.ca/products/20657325/b3/en/front/20657325_front_a06_@2.png",
                                            "largeUrl": "https://assets.shop.loblaws.ca/products/20657325/b2/en/front/20657325_front_a06_@2.png",
                                            "smallRetinaUrl": "https://assets.shop.loblaws.ca/products/20657325/b1/en/front/20657325_front_a01_@2.png",
                                            "mediumRetinaUrl": "https://assets.shop.loblaws.ca/products/20657325/b3/en/front/20657325_front_a06_@2.png",
                                            "largeRetinaUrl": "https://assets.shop.loblaws.ca/products/20657325/b2/en/front/20657325_front_a06_@2.png"
                                        }
                                    ],
                                    "brand": null,
                                    "title": "Greek Yogurt Parfait",
                                    "description": "This item is only available for pickup after 12PM.",
                                    "packageSizing": "290 g, $1.72/100g",
                                    "pricing": {
                                        "price": "5.00",
                                        "wasPrice": null,
                                        "displayPrice": "$5.00",
                                        "memberOnlyPrice": null,
                                        "mopDisplayPrice": null
                                    },
                                    "pricingUnits": {
                                        "type": "SOLD_BY_EACH",
                                        "unit": "ea",
                                        "interval": 1,
                                        "minOrderQuantity": 1,
                                        "maxOrderQuantity": 25,
                                        "weighted": false
                                    },
                                    "deal": null,
                                    "mopDeal": null,
                                    "pcoDeal": null,
                                    "inventoryIndicator": null,
                                    "offerType": "OG",
                                    "offerId": "OG",
                                    "action": null,
                                    "isVariant": false,
                                    "link": "/greek-yogurt-parfait/p/20657325_EA",
                                    "productVendor": null,
                                    "productVariant": null,
                                    "textBadge": "",
                                    "variantTheme": null,
                                    "articleNumber": "20657325",
                                    "uom": "EA",
                                    "sponsoredCreative": null,
                                    "isSponsored": false,
                                    "isComplementarySponsored": false,
                                    "complementarySponsoredBadgeText": null,
                                    "productBadge": null
                                },
                                {
                                    "index": 21,
                                    "productId": "20873228_EA",
                                    "productImage": [
                                        {
                                            "imageUrl": "https://assets.shop.loblaws.ca/products/20873228/b2/en/front/20873228_front_a06_@2.png",
                                            "smallUrl": "https://assets.shop.loblaws.ca/products/20873228/b1/en/front/20873228_front_a01_@2.png",
                                            "mediumUrl": "https://assets.shop.loblaws.ca/products/20873228/b3/en/front/20873228_front_a06_@2.png",
                                            "largeUrl": "https://assets.shop.loblaws.ca/products/20873228/b2/en/front/20873228_front_a06_@2.png",
                                            "smallRetinaUrl": "https://assets.shop.loblaws.ca/products/20873228/b1/en/front/20873228_front_a01_@2.png",
                                            "mediumRetinaUrl": "https://assets.shop.loblaws.ca/products/20873228/b3/en/front/20873228_front_a06_@2.png",
                                            "largeRetinaUrl": "https://assets.shop.loblaws.ca/products/20873228/b2/en/front/20873228_front_a06_@2.png"
                                        }
                                    ],
                                    "brand": "Love Beets",
                                    "title": "Cooked Beets",
                                    "description": null,
                                    "packageSizing": "250 g, $2.00/100g",
                                    "pricing": {
                                        "price": "4.99",
                                        "wasPrice": null,
                                        "displayPrice": "$4.99",
                                        "memberOnlyPrice": null,
                                        "mopDisplayPrice": null
                                    },
                                    "pricingUnits": {
                                        "type": "SOLD_BY_EACH",
                                        "unit": "ea",
                                        "interval": 1,
                                        "minOrderQuantity": 1,
                                        "maxOrderQuantity": 25,
                                        "weighted": false
                                    },
                                    "deal": null,
                                    "mopDeal": null,
                                    "pcoDeal": null,
                                    "inventoryIndicator": null,
                                    "offerType": "OG",
                                    "offerId": "OG",
                                    "action": null,
                                    "isVariant": false,
                                    "link": "/cooked-beets/p/20873228_EA",
                                    "productVendor": null,
                                    "productVariant": null,
                                    "textBadge": "",
                                    "variantTheme": null,
                                    "articleNumber": "20873228",
                                    "uom": "EA",
                                    "sponsoredCreative": null,
                                    "isSponsored": false,
                                    "isComplementarySponsored": false,
                                    "complementarySponsoredBadgeText": null,
                                    "productBadge": null
                                },
                                {
                                    "index": 22,
                                    "productId": "21219804_EA",
                                    "productImage": [
                                        {
                                            "imageUrl": "https://assets.shop.loblaws.ca/products/21219804/b2/en/front/21219804_front_a06_@2.png",
                                            "smallUrl": "https://assets.shop.loblaws.ca/products/21219804/b1/en/front/21219804_front_a01_@2.png",
                                            "mediumUrl": "https://assets.shop.loblaws.ca/products/21219804/b3/en/front/21219804_front_a06_@2.png",
                                            "largeUrl": "https://assets.shop.loblaws.ca/products/21219804/b2/en/front/21219804_front_a06_@2.png",
                                            "smallRetinaUrl": "https://assets.shop.loblaws.ca/products/21219804/b1/en/front/21219804_front_a01_@2.png",
                                            "mediumRetinaUrl": "https://assets.shop.loblaws.ca/products/21219804/b3/en/front/21219804_front_a06_@2.png",
                                            "largeRetinaUrl": "https://assets.shop.loblaws.ca/products/21219804/b2/en/front/21219804_front_a06_@2.png"
                                        }
                                    ],
                                    "brand": null,
                                    "title": "Honeydew Cubed Small",
                                    "description": null,
                                    "packageSizing": "320 g, $0.50/100g",
                                    "pricing": {
                                        "price": "5.00",
                                        "wasPrice": null,
                                        "displayPrice": "$5.00",
                                        "memberOnlyPrice": null,
                                        "mopDisplayPrice": null
                                    },
                                    "pricingUnits": {
                                        "type": "SOLD_BY_EACH",
                                        "unit": "ea",
                                        "interval": 1,
                                        "minOrderQuantity": 1,
                                        "maxOrderQuantity": 25,
                                        "weighted": false
                                    },
                                    "deal": null,
                                    "mopDeal": null,
                                    "pcoDeal": null,
                                    "inventoryIndicator": null,
                                    "offerType": "OG",
                                    "offerId": "OG",
                                    "action": null,
                                    "isVariant": false,
                                    "link": "/honeydew-cubed-small/p/21219804_EA",
                                    "productVendor": null,
                                    "productVariant": null,
                                    "textBadge": "",
                                    "variantTheme": null,
                                    "articleNumber": "21219804",
                                    "uom": "EA",
                                    "sponsoredCreative": null,
                                    "isSponsored": false,
                                    "isComplementarySponsored": false,
                                    "complementarySponsoredBadgeText": null,
                                    "productBadge": null
                                },
                                {
                                    "index": 23,
                                    "productId": "21219714_EA",
                                    "productImage": [
                                        {
                                            "imageUrl": "https://assets.shop.loblaws.ca/products/21219714/b2/en/front/21219714_front_a06_@2.png",
                                            "smallUrl": "https://assets.shop.loblaws.ca/products/21219714/b1/en/front/21219714_front_a01_@2.png",
                                            "mediumUrl": "https://assets.shop.loblaws.ca/products/21219714/b3/en/front/21219714_front_a06_@2.png",
                                            "largeUrl": "https://assets.shop.loblaws.ca/products/21219714/b2/en/front/21219714_front_a06_@2.png",
                                            "smallRetinaUrl": "https://assets.shop.loblaws.ca/products/21219714/b1/en/front/21219714_front_a01_@2.png",
                                            "mediumRetinaUrl": "https://assets.shop.loblaws.ca/products/21219714/b3/en/front/21219714_front_a06_@2.png",
                                            "largeRetinaUrl": "https://assets.shop.loblaws.ca/products/21219714/b2/en/front/21219714_front_a06_@2.png"
                                        }
                                    ],
                                    "brand": null,
                                    "title": "Mixed Melon Cubed Large",
                                    "description": null,
                                    "packageSizing": "540 g, $1.48/100g",
                                    "pricing": {
                                        "price": "8.00",
                                        "wasPrice": null,
                                        "displayPrice": "$8.00",
                                        "memberOnlyPrice": null,
                                        "mopDisplayPrice": null
                                    },
                                    "pricingUnits": {
                                        "type": "SOLD_BY_EACH",
                                        "unit": "ea",
                                        "interval": 1,
                                        "minOrderQuantity": 1,
                                        "maxOrderQuantity": 25,
                                        "weighted": false
                                    },
                                    "deal": null,
                                    "mopDeal": null,
                                    "pcoDeal": null,
                                    "inventoryIndicator": null,
                                    "offerType": "OG",
                                    "offerId": "OG",
                                    "action": null,
                                    "isVariant": false,
                                    "link": "/mixed-melon-cubed-large/p/21219714_EA",
                                    "productVendor": null,
                                    "productVariant": null,
                                    "textBadge": "",
                                    "variantTheme": null,
                                    "articleNumber": "21219714",
                                    "uom": "EA",
                                    "sponsoredCreative": null,
                                    "isSponsored": false,
                                    "isComplementarySponsored": false,
                                    "complementarySponsoredBadgeText": null,
                                    "productBadge": null
                                },
                                {
                                    "index": 24,
                                    "productId": "21095404_EA",
                                    "productImage": [
                                        {
                                            "imageUrl": "https://assets.shop.loblaws.ca/products/21095404/b2/en/front/21095404_front_a06_@2.png",
                                            "smallUrl": "https://assets.shop.loblaws.ca/products/21095404/b1/en/front/21095404_front_a01_@2.png",
                                            "mediumUrl": "https://assets.shop.loblaws.ca/products/21095404/b3/en/front/21095404_front_a06_@2.png",
                                            "largeUrl": "https://assets.shop.loblaws.ca/products/21095404/b2/en/front/21095404_front_a06_@2.png",
                                            "smallRetinaUrl": "https://assets.shop.loblaws.ca/products/21095404/b1/en/front/21095404_front_a01_@2.png",
                                            "mediumRetinaUrl": "https://assets.shop.loblaws.ca/products/21095404/b3/en/front/21095404_front_a06_@2.png",
                                            "largeRetinaUrl": "https://assets.shop.loblaws.ca/products/21095404/b2/en/front/21095404_front_a06_@2.png"
                                        },
                                        {
                                            "imageUrl": "https://assets.shop.loblaws.ca/products/21095404/b2/en/top/21095404_top_a06_@2.png",
                                            "smallUrl": "https://assets.shop.loblaws.ca/products/21095404/b1/en/top/21095404_top_a01_@2.png",
                                            "mediumUrl": "https://assets.shop.loblaws.ca/products/21095404/b3/en/top/21095404_top_a06_@2.png",
                                            "largeUrl": "https://assets.shop.loblaws.ca/products/21095404/b2/en/top/21095404_top_a06_@2.png",
                                            "smallRetinaUrl": "https://assets.shop.loblaws.ca/products/21095404/b1/en/top/21095404_top_a01_@2.png",
                                            "mediumRetinaUrl": "https://assets.shop.loblaws.ca/products/21095404/b3/en/top/21095404_top_a06_@2.png",
                                            "largeRetinaUrl": "https://assets.shop.loblaws.ca/products/21095404/b2/en/top/21095404_top_a06_@2.png"
                                        }
                                    ],
                                    "brand": "President's Choice",
                                    "title": "Ready Veggie, Kale Blend",
                                    "description": "This fresh-cut mix is a colourful selection of broccoli, Brussels sprouts, red cabbage, kale, carrots and pea pods. Washed and ready to save you time in the kitchen, it\u2019s great for stir-fries, saut\u00e9s or effortlessly tossing with your favourite salad dressing. Also great for microwave-steaming right in the bag.",
                                    "packageSizing": "340 g, $1.76/100g",
                                    "pricing": {
                                        "price": "5.99",
                                        "wasPrice": null,
                                        "displayPrice": "$5.99",
                                        "memberOnlyPrice": null,
                                        "mopDisplayPrice": null
                                    },
                                    "pricingUnits": {
                                        "type": "SOLD_BY_EACH",
                                        "unit": "ea",
                                        "interval": 1,
                                        "minOrderQuantity": 1,
                                        "maxOrderQuantity": 25,
                                        "weighted": false
                                    },
                                    "deal": null,
                                    "mopDeal": null,
                                    "pcoDeal": null,
                                    "inventoryIndicator": {
                                        "indicatorId": "OUT",
                                        "text": "Out of Stock"
                                    },
                                    "offerType": "OG",
                                    "offerId": "OG",
                                    "action": null,
                                    "isVariant": false,
                                    "link": "/ready-veggie-kale-blend/p/21095404_EA",
                                    "productVendor": null,
                                    "productVariant": null,
                                    "textBadge": "out-of-stock",
                                    "variantTheme": null,
                                    "articleNumber": "21095404",
                                    "uom": "EA",
                                    "sponsoredCreative": null,
                                    "isSponsored": false,
                                    "isComplementarySponsored": false,
                                    "complementarySponsoredBadgeText": null,
                                    "productBadge": null
                                },
                                {
                                    "index": 25,
                                    "productId": "20959290_EA",
                                    "productImage": [
                                        {
                                            "imageUrl": "https://assets.shop.loblaws.ca/products/20959290/b2/en/front/20959290_front_a06_@2.png",
                                            "smallUrl": "https://assets.shop.loblaws.ca/products/20959290/b1/en/front/20959290_front_a01_@2.png",
                                            "mediumUrl": "https://assets.shop.loblaws.ca/products/20959290/b3/en/front/20959290_front_a06_@2.png",
                                            "largeUrl": "https://assets.shop.loblaws.ca/products/20959290/b2/en/front/20959290_front_a06_@2.png",
                                            "smallRetinaUrl": "https://assets.shop.loblaws.ca/products/20959290/b1/en/front/20959290_front_a01_@2.png",
                                            "mediumRetinaUrl": "https://assets.shop.loblaws.ca/products/20959290/b3/en/front/20959290_front_a06_@2.png",
                                            "largeRetinaUrl": "https://assets.shop.loblaws.ca/products/20959290/b2/en/front/20959290_front_a06_@2.png"
                                        }
                                    ],
                                    "brand": "PC Organics",
                                    "title": "Organic Broccoli Florets",
                                    "description": "There are a myriad of sensational ways to take advantage of the flavour characteristics of these organic broccoli florets. Easily grill, saut\u00e9, parboil or bake these florets and stems into soups, salads, casseroles and stir-fries, or round out a crudit\u00e9 platter.",
                                    "packageSizing": "284 g, $2.46/100g",
                                    "pricing": {
                                        "price": "6.99",
                                        "wasPrice": null,
                                        "displayPrice": "$6.99",
                                        "memberOnlyPrice": null,
                                        "mopDisplayPrice": null
                                    },
                                    "pricingUnits": {
                                        "type": "SOLD_BY_EACH",
                                        "unit": "ea",
                                        "interval": 1,
                                        "minOrderQuantity": 1,
                                        "maxOrderQuantity": 25,
                                        "weighted": false
                                    },
                                    "deal": null,
                                    "mopDeal": null,
                                    "pcoDeal": null,
                                    "inventoryIndicator": {
                                        "indicatorId": "LOW",
                                        "text": "Low Stock"
                                    },
                                    "offerType": "OG",
                                    "offerId": "OG",
                                    "action": null,
                                    "isVariant": false,
                                    "link": "/organic-broccoli-florets/p/20959290_EA",
                                    "productVendor": null,
                                    "productVariant": null,
                                    "textBadge": "low-inventory",
                                    "variantTheme": null,
                                    "articleNumber": "20959290",
                                    "uom": "EA",
                                    "sponsoredCreative": null,
                                    "isSponsored": false,
                                    "isComplementarySponsored": false,
                                    "complementarySponsoredBadgeText": null,
                                    "productBadge": null
                                },
                                {
                                    "index": 26,
                                    "productId": "20139618_EA",
                                    "productImage": [
                                        {
                                            "imageUrl": "https://assets.shop.loblaws.ca/products/20139618/b2/en/front/20139618_front_a06_@2.png",
                                            "smallUrl": "https://assets.shop.loblaws.ca/products/20139618/b1/en/front/20139618_front_a01_@2.png",
                                            "mediumUrl": "https://assets.shop.loblaws.ca/products/20139618/b3/en/front/20139618_front_a06_@2.png",
                                            "largeUrl": "https://assets.shop.loblaws.ca/products/20139618/b2/en/front/20139618_front_a06_@2.png",
                                            "smallRetinaUrl": "https://assets.shop.loblaws.ca/products/20139618/b1/en/front/20139618_front_a01_@2.png",
                                            "mediumRetinaUrl": "https://assets.shop.loblaws.ca/products/20139618/b3/en/front/20139618_front_a06_@2.png",
                                            "largeRetinaUrl": "https://assets.shop.loblaws.ca/products/20139618/b2/en/front/20139618_front_a06_@2.png"
                                        }
                                    ],
                                    "brand": null,
                                    "title": "Strawberry Parfait",
                                    "description": "This item is only available for pickup after 12PM.",
                                    "packageSizing": "290 g, $1.92/100g",
                                    "pricing": {
                                        "price": "5.00",
                                        "wasPrice": null,
                                        "displayPrice": "$5.00",
                                        "memberOnlyPrice": null,
                                        "mopDisplayPrice": null
                                    },
                                    "pricingUnits": {
                                        "type": "SOLD_BY_EACH",
                                        "unit": "ea",
                                        "interval": 1,
                                        "minOrderQuantity": 1,
                                        "maxOrderQuantity": 25,
                                        "weighted": false
                                    },
                                    "deal": null,
                                    "mopDeal": null,
                                    "pcoDeal": null,
                                    "inventoryIndicator": null,
                                    "offerType": "OG",
                                    "offerId": "OG",
                                    "action": null,
                                    "isVariant": false,
                                    "link": "/strawberry-parfait/p/20139618_EA",
                                    "productVendor": null,
                                    "productVariant": null,
                                    "textBadge": "",
                                    "variantTheme": null,
                                    "articleNumber": "20139618",
                                    "uom": "EA",
                                    "sponsoredCreative": null,
                                    "isSponsored": false,
                                    "isComplementarySponsored": false,
                                    "complementarySponsoredBadgeText": null,
                                    "productBadge": null
                                },
                                {
                                    "index": 27,
                                    "productId": "21562368_EA",
                                    "productImage": [
                                        {
                                            "imageUrl": "https://assets.shop.loblaws.ca/products/21562368/b2/en/front/21562368_front_a06_@2.png",
                                            "smallUrl": "https://assets.shop.loblaws.ca/products/21562368/b1/en/front/21562368_front_a01_@2.png",
                                            "mediumUrl": "https://assets.shop.loblaws.ca/products/21562368/b3/en/front/21562368_front_a06_@2.png",
                                            "largeUrl": "https://assets.shop.loblaws.ca/products/21562368/b2/en/front/21562368_front_a06_@2.png",
                                            "smallRetinaUrl": "https://assets.shop.loblaws.ca/products/21562368/b1/en/front/21562368_front_a01_@2.png",
                                            "mediumRetinaUrl": "https://assets.shop.loblaws.ca/products/21562368/b3/en/front/21562368_front_a06_@2.png",
                                            "largeRetinaUrl": "https://assets.shop.loblaws.ca/products/21562368/b2/en/front/21562368_front_a06_@2.png"
                                        }
                                    ],
                                    "brand": null,
                                    "title": "Shredded Kale",
                                    "description": null,
                                    "packageSizing": "454 g, $1.32/100g",
                                    "pricing": {
                                        "price": "5.99",
                                        "wasPrice": null,
                                        "displayPrice": "$5.99",
                                        "memberOnlyPrice": null,
                                        "mopDisplayPrice": null
                                    },
                                    "pricingUnits": {
                                        "type": "SOLD_BY_EACH",
                                        "unit": "ea",
                                        "interval": 1,
                                        "minOrderQuantity": 1,
                                        "maxOrderQuantity": 25,
                                        "weighted": false
                                    },
                                    "deal": null,
                                    "mopDeal": null,
                                    "pcoDeal": null,
                                    "inventoryIndicator": null,
                                    "offerType": "OG",
                                    "offerId": "OG",
                                    "action": null,
                                    "isVariant": false,
                                    "link": "/shredded-kale/p/21562368_EA",
                                    "productVendor": null,
                                    "productVariant": null,
                                    "textBadge": "",
                                    "variantTheme": null,
                                    "articleNumber": "21562368",
                                    "uom": "EA",
                                    "sponsoredCreative": null,
                                    "isSponsored": false,
                                    "isComplementarySponsored": false,
                                    "complementarySponsoredBadgeText": null,
                                    "productBadge": null
                                },
                                {
                                    "index": 28,
                                    "productId": "20875291_EA",
                                    "productImage": [
                                        {
                                            "imageUrl": "https://assets.shop.loblaws.ca/products/20875291/b2/en/front/20875291_front_a06_@2.png",
                                            "smallUrl": "https://assets.shop.loblaws.ca/products/20875291/b1/en/front/20875291_front_a01_@2.png",
                                            "mediumUrl": "https://assets.shop.loblaws.ca/products/20875291/b3/en/front/20875291_front_a06_@2.png",
                                            "largeUrl": "https://assets.shop.loblaws.ca/products/20875291/b2/en/front/20875291_front_a06_@2.png",
                                            "smallRetinaUrl": "https://assets.shop.loblaws.ca/products/20875291/b1/en/front/20875291_front_a01_@2.png",
                                            "mediumRetinaUrl": "https://assets.shop.loblaws.ca/products/20875291/b3/en/front/20875291_front_a06_@2.png",
                                            "largeRetinaUrl": "https://assets.shop.loblaws.ca/products/20875291/b2/en/front/20875291_front_a06_@2.png"
                                        }
                                    ],
                                    "brand": null,
                                    "title": "Snack Cup, Grapes & Cheese",
                                    "description": null,
                                    "packageSizing": "200 g, $3.00/100g",
                                    "pricing": {
                                        "price": "6.00",
                                        "wasPrice": null,
                                        "displayPrice": "$6.00",
                                        "memberOnlyPrice": null,
                                        "mopDisplayPrice": null
                                    },
                                    "pricingUnits": {
                                        "type": "SOLD_BY_EACH",
                                        "unit": "ea",
                                        "interval": 1,
                                        "minOrderQuantity": 1,
                                        "maxOrderQuantity": 25,
                                        "weighted": false
                                    },
                                    "deal": null,
                                    "mopDeal": null,
                                    "pcoDeal": null,
                                    "inventoryIndicator": null,
                                    "offerType": "OG",
                                    "offerId": "OG",
                                    "action": null,
                                    "isVariant": false,
                                    "link": "/snack-cup-grapes-cheese/p/20875291_EA",
                                    "productVendor": null,
                                    "productVariant": null,
                                    "textBadge": "",
                                    "variantTheme": null,
                                    "articleNumber": "20875291",
                                    "uom": "EA",
                                    "sponsoredCreative": null,
                                    "isSponsored": false,
                                    "isComplementarySponsored": false,
                                    "complementarySponsoredBadgeText": null,
                                    "productBadge": null
                                },
                                {
                                    "index": 29,
                                    "productId": "21057022_EA",
                                    "productImage": [
                                        {
                                            "imageUrl": "https://assets.shop.loblaws.ca/products/21057022/b2/en/front/21057022_front_a06_@2.png",
                                            "smallUrl": "https://assets.shop.loblaws.ca/products/21057022/b1/en/front/21057022_front_a01_@2.png",
                                            "mediumUrl": "https://assets.shop.loblaws.ca/products/21057022/b3/en/front/21057022_front_a06_@2.png",
                                            "largeUrl": "https://assets.shop.loblaws.ca/products/21057022/b2/en/front/21057022_front_a06_@2.png",
                                            "smallRetinaUrl": "https://assets.shop.loblaws.ca/products/21057022/b1/en/front/21057022_front_a01_@2.png",
                                            "mediumRetinaUrl": "https://assets.shop.loblaws.ca/products/21057022/b3/en/front/21057022_front_a06_@2.png",
                                            "largeRetinaUrl": "https://assets.shop.loblaws.ca/products/21057022/b2/en/front/21057022_front_a06_@2.png"
                                        }
                                    ],
                                    "brand": null,
                                    "title": "Raspberry Banana Parfait",
                                    "description": null,
                                    "packageSizing": "290 g, $1.72/100g",
                                    "pricing": {
                                        "price": "5.00",
                                        "wasPrice": null,
                                        "displayPrice": "$5.00",
                                        "memberOnlyPrice": null,
                                        "mopDisplayPrice": null
                                    },
                                    "pricingUnits": {
                                        "type": "SOLD_BY_EACH",
                                        "unit": "ea",
                                        "interval": 1,
                                        "minOrderQuantity": 1,
                                        "maxOrderQuantity": 25,
                                        "weighted": false
                                    },
                                    "deal": null,
                                    "mopDeal": null,
                                    "pcoDeal": null,
                                    "inventoryIndicator": null,
                                    "offerType": "OG",
                                    "offerId": "OG",
                                    "action": null,
                                    "isVariant": false,
                                    "link": "/raspberry-banana-parfait/p/21057022_EA",
                                    "productVendor": null,
                                    "productVariant": null,
                                    "textBadge": "",
                                    "variantTheme": null,
                                    "articleNumber": "21057022",
                                    "uom": "EA",
                                    "sponsoredCreative": null,
                                    "isSponsored": false,
                                    "isComplementarySponsored": false,
                                    "complementarySponsoredBadgeText": null,
                                    "productBadge": null
                                },
                                {
                                    "index": 30,
                                    "productId": "21020466_EA",
                                    "productImage": [
                                        {
                                            "imageUrl": "https://assets.shop.loblaws.ca/products/21020466/b2/en/front/21020466_front_a06_@2.png",
                                            "smallUrl": "https://assets.shop.loblaws.ca/products/21020466/b1/en/front/21020466_front_a01_@2.png",
                                            "mediumUrl": "https://assets.shop.loblaws.ca/products/21020466/b3/en/front/21020466_front_a06_@2.png",
                                            "largeUrl": "https://assets.shop.loblaws.ca/products/21020466/b2/en/front/21020466_front_a06_@2.png",
                                            "smallRetinaUrl": "https://assets.shop.loblaws.ca/products/21020466/b1/en/front/21020466_front_a01_@2.png",
                                            "mediumRetinaUrl": "https://assets.shop.loblaws.ca/products/21020466/b3/en/front/21020466_front_a06_@2.png",
                                            "largeRetinaUrl": "https://assets.shop.loblaws.ca/products/21020466/b2/en/front/21020466_front_a06_@2.png"
                                        }
                                    ],
                                    "brand": "Sunrich",
                                    "title": "Apple Slices",
                                    "description": null,
                                    "packageSizing": "280 g, $1.78/100g",
                                    "pricing": {
                                        "price": "4.99",
                                        "wasPrice": null,
                                        "displayPrice": "$4.99",
                                        "memberOnlyPrice": null,
                                        "mopDisplayPrice": null
                                    },
                                    "pricingUnits": {
                                        "type": "SOLD_BY_EACH",
                                        "unit": "ea",
                                        "interval": 1,
                                        "minOrderQuantity": 1,
                                        "maxOrderQuantity": 25,
                                        "weighted": false
                                    },
                                    "deal": null,
                                    "mopDeal": null,
                                    "pcoDeal": null,
                                    "inventoryIndicator": {
                                        "indicatorId": "LOW",
                                        "text": "Low Stock"
                                    },
                                    "offerType": "OG",
                                    "offerId": "OG",
                                    "action": null,
                                    "isVariant": false,
                                    "link": "/apple-slices/p/21020466_EA",
                                    "productVendor": null,
                                    "productVariant": null,
                                    "textBadge": "low-inventory",
                                    "variantTheme": null,
                                    "articleNumber": "21020466",
                                    "uom": "EA",
                                    "sponsoredCreative": null,
                                    "isSponsored": false,
                                    "isComplementarySponsored": false,
                                    "complementarySponsoredBadgeText": null,
                                    "productBadge": null
                                },
                                {
                                    "index": 31,
                                    "productId": "21125719_EA",
                                    "productImage": [
                                        {
                                            "imageUrl": "https://assets.shop.loblaws.ca/products/21125719/b2/en/front/21125719_front_a06_@2.png",
                                            "smallUrl": "https://assets.shop.loblaws.ca/products/21125719/b1/en/front/21125719_front_a01_@2.png",
                                            "mediumUrl": "https://assets.shop.loblaws.ca/products/21125719/b3/en/front/21125719_front_a06_@2.png",
                                            "largeUrl": "https://assets.shop.loblaws.ca/products/21125719/b2/en/front/21125719_front_a06_@2.png",
                                            "smallRetinaUrl": "https://assets.shop.loblaws.ca/products/21125719/b1/en/front/21125719_front_a01_@2.png",
                                            "mediumRetinaUrl": "https://assets.shop.loblaws.ca/products/21125719/b3/en/front/21125719_front_a06_@2.png",
                                            "largeRetinaUrl": "https://assets.shop.loblaws.ca/products/21125719/b2/en/front/21125719_front_a06_@2.png"
                                        }
                                    ],
                                    "brand": "President's Choice",
                                    "title": "Shelled English Peas",
                                    "description": null,
                                    "packageSizing": "283 g, $2.12/100g",
                                    "pricing": {
                                        "price": "5.99",
                                        "wasPrice": null,
                                        "displayPrice": "$5.99",
                                        "memberOnlyPrice": null,
                                        "mopDisplayPrice": null
                                    },
                                    "pricingUnits": {
                                        "type": "SOLD_BY_EACH",
                                        "unit": "ea",
                                        "interval": 1,
                                        "minOrderQuantity": 1,
                                        "maxOrderQuantity": 25,
                                        "weighted": false
                                    },
                                    "deal": null,
                                    "mopDeal": null,
                                    "pcoDeal": null,
                                    "inventoryIndicator": {
                                        "indicatorId": "OUT",
                                        "text": "Out of Stock"
                                    },
                                    "offerType": "OG",
                                    "offerId": "OG",
                                    "action": null,
                                    "isVariant": false,
                                    "link": "/shelled-english-peas/p/21125719_EA",
                                    "productVendor": null,
                                    "productVariant": null,
                                    "textBadge": "out-of-stock",
                                    "variantTheme": null,
                                    "articleNumber": "21125719",
                                    "uom": "EA",
                                    "sponsoredCreative": null,
                                    "isSponsored": false,
                                    "isComplementarySponsored": false,
                                    "complementarySponsoredBadgeText": null,
                                    "productBadge": null
                                },
                                {
                                    "index": 32,
                                    "productId": "21042359_EA",
                                    "productImage": [
                                        {
                                            "imageUrl": "https://assets.shop.loblaws.ca/products/21042359/b2/en/front/21042359_front_a06_@2.png",
                                            "smallUrl": "https://assets.shop.loblaws.ca/products/21042359/b1/en/front/21042359_front_a01_@2.png",
                                            "mediumUrl": "https://assets.shop.loblaws.ca/products/21042359/b3/en/front/21042359_front_a06_@2.png",
                                            "largeUrl": "https://assets.shop.loblaws.ca/products/21042359/b2/en/front/21042359_front_a06_@2.png",
                                            "smallRetinaUrl": "https://assets.shop.loblaws.ca/products/21042359/b1/en/front/21042359_front_a01_@2.png",
                                            "mediumRetinaUrl": "https://assets.shop.loblaws.ca/products/21042359/b3/en/front/21042359_front_a06_@2.png",
                                            "largeRetinaUrl": "https://assets.shop.loblaws.ca/products/21042359/b2/en/front/21042359_front_a06_@2.png"
                                        }
                                    ],
                                    "brand": "President's Choice",
                                    "title": "Crumbled Cauliflower",
                                    "description": "Try crumbled cauliflower as a great-tasting substitute for rice or pasta. Whether you saut\u00e9e them in a stir-fry or make a cauliflower mac and cheese, this crumbled vegetable is packed with versatility.",
                                    "packageSizing": "340 g, $1.47/100g",
                                    "pricing": {
                                        "price": "4.99",
                                        "wasPrice": null,
                                        "displayPrice": "$4.99",
                                        "memberOnlyPrice": null,
                                        "mopDisplayPrice": null
                                    },
                                    "pricingUnits": {
                                        "type": "SOLD_BY_EACH",
                                        "unit": "ea",
                                        "interval": 1,
                                        "minOrderQuantity": 1,
                                        "maxOrderQuantity": 25,
                                        "weighted": false
                                    },
                                    "deal": null,
                                    "mopDeal": null,
                                    "pcoDeal": null,
                                    "inventoryIndicator": null,
                                    "offerType": "OG",
                                    "offerId": "OG",
                                    "action": null,
                                    "isVariant": false,
                                    "link": "/crumbled-cauliflower/p/21042359_EA",
                                    "productVendor": null,
                                    "productVariant": null,
                                    "textBadge": "",
                                    "variantTheme": null,
                                    "articleNumber": "21042359",
                                    "uom": "EA",
                                    "sponsoredCreative": null,
                                    "isSponsored": false,
                                    "isComplementarySponsored": false,
                                    "complementarySponsoredBadgeText": null,
                                    "productBadge": null
                                },
                                {
                                    "index": 33,
                                    "productId": "20873229_EA",
                                    "productImage": [
                                        {
                                            "imageUrl": "https://assets.shop.loblaws.ca/products/20873229/b2/en/front/20873229_front_a06_@2.png",
                                            "smallUrl": "https://assets.shop.loblaws.ca/products/20873229/b1/en/front/20873229_front_a01_@2.png",
                                            "mediumUrl": "https://assets.shop.loblaws.ca/products/20873229/b3/en/front/20873229_front_a06_@2.png",
                                            "largeUrl": "https://assets.shop.loblaws.ca/products/20873229/b2/en/front/20873229_front_a06_@2.png",
                                            "smallRetinaUrl": "https://assets.shop.loblaws.ca/products/20873229/b1/en/front/20873229_front_a01_@2.png",
                                            "mediumRetinaUrl": "https://assets.shop.loblaws.ca/products/20873229/b3/en/front/20873229_front_a06_@2.png",
                                            "largeRetinaUrl": "https://assets.shop.loblaws.ca/products/20873229/b2/en/front/20873229_front_a06_@2.png"
                                        }
                                    ],
                                    "brand": "Love Beets",
                                    "title": "Organic Cooked Beets",
                                    "description": null,
                                    "packageSizing": "250 ea, $2.00/100g",
                                    "pricing": {
                                        "price": "4.99",
                                        "wasPrice": null,
                                        "displayPrice": "$4.99",
                                        "memberOnlyPrice": null,
                                        "mopDisplayPrice": null
                                    },
                                    "pricingUnits": {
                                        "type": "SOLD_BY_EACH",
                                        "unit": "ea",
                                        "interval": 1,
                                        "minOrderQuantity": 1,
                                        "maxOrderQuantity": 25,
                                        "weighted": false
                                    },
                                    "deal": null,
                                    "mopDeal": null,
                                    "pcoDeal": null,
                                    "inventoryIndicator": null,
                                    "offerType": "OG",
                                    "offerId": "OG",
                                    "action": null,
                                    "isVariant": false,
                                    "link": "/organic-cooked-beets/p/20873229_EA",
                                    "productVendor": null,
                                    "productVariant": null,
                                    "textBadge": "",
                                    "variantTheme": null,
                                    "articleNumber": "20873229",
                                    "uom": "EA",
                                    "sponsoredCreative": null,
                                    "isSponsored": false,
                                    "isComplementarySponsored": false,
                                    "complementarySponsoredBadgeText": null,
                                    "productBadge": null
                                },
                                {
                                    "index": 34,
                                    "productId": "21125717_EA",
                                    "productImage": [
                                        {
                                            "imageUrl": "https://assets.shop.loblaws.ca/products/21125717/b2/en/front/21125717_front_a06_@2.png",
                                            "smallUrl": "https://assets.shop.loblaws.ca/products/21125717/b1/en/front/21125717_front_a01_@2.png",
                                            "mediumUrl": "https://assets.shop.loblaws.ca/products/21125717/b3/en/front/21125717_front_a06_@2.png",
                                            "largeUrl": "https://assets.shop.loblaws.ca/products/21125717/b2/en/front/21125717_front_a06_@2.png",
                                            "smallRetinaUrl": "https://assets.shop.loblaws.ca/products/21125717/b1/en/front/21125717_front_a01_@2.png",
                                            "mediumRetinaUrl": "https://assets.shop.loblaws.ca/products/21125717/b3/en/front/21125717_front_a06_@2.png",
                                            "largeRetinaUrl": "https://assets.shop.loblaws.ca/products/21125717/b2/en/front/21125717_front_a06_@2.png"
                                        }
                                    ],
                                    "brand": "President's Choice",
                                    "title": "Brussel Sprouts",
                                    "description": null,
                                    "packageSizing": "907 g, $1.43/100g",
                                    "pricing": {
                                        "price": "12.99",
                                        "wasPrice": null,
                                        "displayPrice": "$12.99",
                                        "memberOnlyPrice": null,
                                        "mopDisplayPrice": null
                                    },
                                    "pricingUnits": {
                                        "type": "SOLD_BY_EACH",
                                        "unit": "ea",
                                        "interval": 1,
                                        "minOrderQuantity": 1,
                                        "maxOrderQuantity": 25,
                                        "weighted": false
                                    },
                                    "deal": null,
                                    "mopDeal": null,
                                    "pcoDeal": null,
                                    "inventoryIndicator": {
                                        "indicatorId": "LOW",
                                        "text": "Low Stock"
                                    },
                                    "offerType": "OG",
                                    "offerId": "OG",
                                    "action": null,
                                    "isVariant": false,
                                    "link": "/brussel-sprouts/p/21125717_EA",
                                    "productVendor": null,
                                    "productVariant": null,
                                    "textBadge": "low-inventory",
                                    "variantTheme": null,
                                    "articleNumber": "21125717",
                                    "uom": "EA",
                                    "sponsoredCreative": null,
                                    "isSponsored": false,
                                    "isComplementarySponsored": false,
                                    "complementarySponsoredBadgeText": null,
                                    "productBadge": null
                                },
                                {
                                    "index": 35,
                                    "productId": "21025276_EA",
                                    "productImage": [
                                        {
                                            "imageUrl": "https://assets.shop.loblaws.ca/products/21025276/b2/en/front/21025276_front_a06_@2.png",
                                            "smallUrl": "https://assets.shop.loblaws.ca/products/21025276/b1/en/front/21025276_front_a01_@2.png",
                                            "mediumUrl": "https://assets.shop.loblaws.ca/products/21025276/b3/en/front/21025276_front_a06_@2.png",
                                            "largeUrl": "https://assets.shop.loblaws.ca/products/21025276/b2/en/front/21025276_front_a06_@2.png",
                                            "smallRetinaUrl": "https://assets.shop.loblaws.ca/products/21025276/b1/en/front/21025276_front_a01_@2.png",
                                            "mediumRetinaUrl": "https://assets.shop.loblaws.ca/products/21025276/b3/en/front/21025276_front_a06_@2.png",
                                            "largeRetinaUrl": "https://assets.shop.loblaws.ca/products/21025276/b2/en/front/21025276_front_a06_@2.png"
                                        }
                                    ],
                                    "brand": "PC Organics",
                                    "title": "Organic Green Beans",
                                    "description": "Versatility meets big fresh flavour in these organic green beans. Jazz up traditional meat-and-potatoes fare or steam, boil, stir-fry or bake green beans into casseroles. Blanched green beans can be enjoyed with a simple salad dressing drizzle. Or experiment with curries, pickling and tempura.",
                                    "packageSizing": "283 g, $2.47/100g",
                                    "pricing": {
                                        "price": "6.99",
                                        "wasPrice": null,
                                        "displayPrice": "$6.99",
                                        "memberOnlyPrice": null,
                                        "mopDisplayPrice": null
                                    },
                                    "pricingUnits": {
                                        "type": "SOLD_BY_EACH",
                                        "unit": "ea",
                                        "interval": 1,
                                        "minOrderQuantity": 1,
                                        "maxOrderQuantity": 25,
                                        "weighted": false
                                    },
                                    "deal": null,
                                    "mopDeal": null,
                                    "pcoDeal": null,
                                    "inventoryIndicator": {
                                        "indicatorId": "LOW",
                                        "text": "Low Stock"
                                    },
                                    "offerType": "OG",
                                    "offerId": "OG",
                                    "action": null,
                                    "isVariant": false,
                                    "link": "/organic-green-beans/p/21025276_EA",
                                    "productVendor": null,
                                    "productVariant": null,
                                    "textBadge": "low-inventory",
                                    "variantTheme": null,
                                    "articleNumber": "21025276",
                                    "uom": "EA",
                                    "sponsoredCreative": null,
                                    "isSponsored": false,
                                    "isComplementarySponsored": false,
                                    "complementarySponsoredBadgeText": null,
                                    "productBadge": null
                                },
                                {
                                    "index": 36,
                                    "productId": "21576840_EA",
                                    "productImage": [
                                        {
                                            "imageUrl": "https://assets.shop.loblaws.ca/products/21576840/b2/en/front/21576840_front_a06_@2.png",
                                            "smallUrl": "https://assets.shop.loblaws.ca/products/21576840/b1/en/front/21576840_front_a01_@2.png",
                                            "mediumUrl": "https://assets.shop.loblaws.ca/products/21576840/b3/en/front/21576840_front_a06_@2.png",
                                            "largeUrl": "https://assets.shop.loblaws.ca/products/21576840/b2/en/front/21576840_front_a06_@2.png",
                                            "smallRetinaUrl": "https://assets.shop.loblaws.ca/products/21576840/b1/en/front/21576840_front_a01_@2.png",
                                            "mediumRetinaUrl": "https://assets.shop.loblaws.ca/products/21576840/b3/en/front/21576840_front_a06_@2.png",
                                            "largeRetinaUrl": "https://assets.shop.loblaws.ca/products/21576840/b2/en/front/21576840_front_a06_@2.png"
                                        }
                                    ],
                                    "brand": null,
                                    "title": "Fresh Vegetables Celery Bites",
                                    "description": null,
                                    "packageSizing": "227 g, $2.20/100g",
                                    "pricing": {
                                        "price": "4.99",
                                        "wasPrice": null,
                                        "displayPrice": "$4.99",
                                        "memberOnlyPrice": null,
                                        "mopDisplayPrice": null
                                    },
                                    "pricingUnits": {
                                        "type": "SOLD_BY_EACH",
                                        "unit": "ea",
                                        "interval": 1,
                                        "minOrderQuantity": 1,
                                        "maxOrderQuantity": 25,
                                        "weighted": false
                                    },
                                    "deal": null,
                                    "mopDeal": null,
                                    "pcoDeal": null,
                                    "inventoryIndicator": null,
                                    "offerType": "OG",
                                    "offerId": "OG",
                                    "action": null,
                                    "isVariant": false,
                                    "link": "/fresh-vegetables-celery-bites/p/21576840_EA",
                                    "productVendor": null,
                                    "productVariant": null,
                                    "textBadge": "",
                                    "variantTheme": null,
                                    "articleNumber": "21576840",
                                    "uom": "EA",
                                    "sponsoredCreative": null,
                                    "isSponsored": false,
                                    "isComplementarySponsored": false,
                                    "complementarySponsoredBadgeText": null,
                                    "productBadge": null
                                },
                                {
                                    "index": 37,
                                    "productId": "21099141_EA",
                                    "productImage": [
                                        {
                                            "imageUrl": "https://assets.shop.loblaws.ca/products/21099141/b2/en/front/21099141_front_a06_@2.png",
                                            "smallUrl": "https://assets.shop.loblaws.ca/products/21099141/b1/en/front/21099141_front_a01_@2.png",
                                            "mediumUrl": "https://assets.shop.loblaws.ca/products/21099141/b3/en/front/21099141_front_a06_@2.png",
                                            "largeUrl": "https://assets.shop.loblaws.ca/products/21099141/b2/en/front/21099141_front_a06_@2.png",
                                            "smallRetinaUrl": "https://assets.shop.loblaws.ca/products/21099141/b1/en/front/21099141_front_a01_@2.png",
                                            "mediumRetinaUrl": "https://assets.shop.loblaws.ca/products/21099141/b3/en/front/21099141_front_a06_@2.png",
                                            "largeRetinaUrl": "https://assets.shop.loblaws.ca/products/21099141/b2/en/front/21099141_front_a06_@2.png"
                                        }
                                    ],
                                    "brand": "POM Wonderful",
                                    "title": "Pomegranate Arils",
                                    "description": null,
                                    "packageSizing": "113 g, $4.42/100g",
                                    "pricing": {
                                        "price": "4.99",
                                        "wasPrice": null,
                                        "displayPrice": "$4.99",
                                        "memberOnlyPrice": null,
                                        "mopDisplayPrice": null
                                    },
                                    "pricingUnits": {
                                        "type": "SOLD_BY_EACH",
                                        "unit": "ea",
                                        "interval": 1,
                                        "minOrderQuantity": 1,
                                        "maxOrderQuantity": 25,
                                        "weighted": false
                                    },
                                    "deal": null,
                                    "mopDeal": null,
                                    "pcoDeal": null,
                                    "inventoryIndicator": {
                                        "indicatorId": "OUT",
                                        "text": "Out of Stock"
                                    },
                                    "offerType": "OG",
                                    "offerId": "OG",
                                    "action": null,
                                    "isVariant": false,
                                    "link": "/pomegranate-arils/p/21099141_EA",
                                    "productVendor": null,
                                    "productVariant": null,
                                    "textBadge": "out-of-stock",
                                    "variantTheme": null,
                                    "articleNumber": "21099141",
                                    "uom": "EA",
                                    "sponsoredCreative": null,
                                    "isSponsored": false,
                                    "isComplementarySponsored": false,
                                    "complementarySponsoredBadgeText": null,
                                    "productBadge": null
                                }
                            ],
                            "analytics": null
                        }
                    },
                    {
                        "componentId": "productCarouselComponent",
                        "contentId": "1W6kNNiCIPCXXnCRQcptEM",
                        "variantId": null,
                        "id": "1W6kNNiCIPCXXnCRQcptEM-28197",
                        "data": {
                            "headline": "Herbs",
                            "isSponsored": null,
                            "callToAction": {
                                "text": "Shop all",
                                "url": "/food/fruits-vegetables/herbs/c/28197"
                            },
                            "headerGroup": null,
                            "productTiles": [
                                {
                                    "index": 1,
                                    "productId": "20091825001_EA",
                                    "productImage": [
                                        {
                                            "imageUrl": "https://assets.shop.loblaws.ca/products/20091825001/b2/en/front/20091825001_front_a06_@2.png",
                                            "smallUrl": "https://assets.shop.loblaws.ca/products/20091825001/b1/en/front/20091825001_front_a01_@2.png",
                                            "mediumUrl": "https://assets.shop.loblaws.ca/products/20091825001/b3/en/front/20091825001_front_a06_@2.png",
                                            "largeUrl": "https://assets.shop.loblaws.ca/products/20091825001/b2/en/front/20091825001_front_a06_@2.png",
                                            "smallRetinaUrl": "https://assets.shop.loblaws.ca/products/20091825001/b1/en/front/20091825001_front_a01_@2.png",
                                            "mediumRetinaUrl": "https://assets.shop.loblaws.ca/products/20091825001/b3/en/front/20091825001_front_a06_@2.png",
                                            "largeRetinaUrl": "https://assets.shop.loblaws.ca/products/20091825001/b2/en/front/20091825001_front_a06_@2.png"
                                        }
                                    ],
                                    "brand": null,
                                    "title": "Cilantro",
                                    "description": "Cilantro is the bunched leafy green from the coriander plant. It has a distinctive flavour and fragrance that some describe as \u201csoapy\u201d.  Both the leaves and stems can be used raw or cooked in a variety of dishes. Cilantro works especially well with spicy food. Try it with curry chicken or add some to salsa with a little lime.",
                                    "packageSizing": "1 bunch, $1.69/1ea",
                                    "pricing": {
                                        "price": "1.69",
                                        "wasPrice": null,
                                        "displayPrice": "$1.69",
                                        "memberOnlyPrice": null,
                                        "mopDisplayPrice": null
                                    },
                                    "pricingUnits": {
                                        "type": "SOLD_BY_EACH",
                                        "unit": "ea",
                                        "interval": 1,
                                        "minOrderQuantity": 1,
                                        "maxOrderQuantity": 25,
                                        "weighted": false
                                    },
                                    "deal": null,
                                    "mopDeal": null,
                                    "pcoDeal": null,
                                    "inventoryIndicator": null,
                                    "offerType": "OG",
                                    "offerId": "OG",
                                    "action": null,
                                    "isVariant": false,
                                    "link": "/cilantro/p/20091825001_EA",
                                    "productVendor": null,
                                    "productVariant": null,
                                    "textBadge": "",
                                    "variantTheme": null,
                                    "articleNumber": "20091825001",
                                    "uom": "EA",
                                    "sponsoredCreative": null,
                                    "isSponsored": false,
                                    "isComplementarySponsored": false,
                                    "complementarySponsoredBadgeText": null,
                                    "productBadge": null
                                },
                                {
                                    "index": 2,
                                    "productId": "20139141001_EA",
                                    "productImage": [
                                        {
                                            "imageUrl": "https://assets.shop.loblaws.ca/products/20139141001/b2/en/front/20139141001_front_a06_@2.png",
                                            "smallUrl": "https://assets.shop.loblaws.ca/products/20139141001/b1/en/front/20139141001_front_a01_@2.png",
                                            "mediumUrl": "https://assets.shop.loblaws.ca/products/20139141001/b3/en/front/20139141001_front_a06_@2.png",
                                            "largeUrl": "https://assets.shop.loblaws.ca/products/20139141001/b2/en/front/20139141001_front_a06_@2.png",
                                            "smallRetinaUrl": "https://assets.shop.loblaws.ca/products/20139141001/b1/en/front/20139141001_front_a01_@2.png",
                                            "mediumRetinaUrl": "https://assets.shop.loblaws.ca/products/20139141001/b3/en/front/20139141001_front_a06_@2.png",
                                            "largeRetinaUrl": "https://assets.shop.loblaws.ca/products/20139141001/b2/en/front/20139141001_front_a06_@2.png"
                                        }
                                    ],
                                    "brand": null,
                                    "title": "Italian Parsley",
                                    "description": "Italian (or flat-leaf) parsley is a popular herb with flat, bright green leaves and a stronger, sweeter flavour than curly leaf parsley. Use fresh as a garnish or in salads, or make parsley pesto and serve with pasta, poultry, or vegetables.",
                                    "packageSizing": "1 bunch, $1.99/1ea",
                                    "pricing": {
                                        "price": "1.99",
                                        "wasPrice": null,
                                        "displayPrice": "$1.99",
                                        "memberOnlyPrice": null,
                                        "mopDisplayPrice": null
                                    },
                                    "pricingUnits": {
                                        "type": "SOLD_BY_EACH",
                                        "unit": "ea",
                                        "interval": 1,
                                        "minOrderQuantity": 1,
                                        "maxOrderQuantity": 25,
                                        "weighted": false
                                    },
                                    "deal": null,
                                    "mopDeal": null,
                                    "pcoDeal": null,
                                    "inventoryIndicator": null,
                                    "offerType": "OG",
                                    "offerId": "OG",
                                    "action": null,
                                    "isVariant": false,
                                    "link": "/italian-parsley/p/20139141001_EA",
                                    "productVendor": null,
                                    "productVariant": null,
                                    "textBadge": "",
                                    "variantTheme": null,
                                    "articleNumber": "20139141001",
                                    "uom": "EA",
                                    "sponsoredCreative": null,
                                    "isSponsored": false,
                                    "isComplementarySponsored": false,
                                    "complementarySponsoredBadgeText": null,
                                    "productBadge": null
                                },
                                {
                                    "index": 3,
                                    "productId": "20015746001_EA",
                                    "productImage": [
                                        {
                                            "imageUrl": "https://assets.shop.loblaws.ca/products/20015746001/b2/en/front/20015746001_front_a06_@2.png",
                                            "smallUrl": "https://assets.shop.loblaws.ca/products/20015746001/b1/en/front/20015746001_front_a01_@2.png",
                                            "mediumUrl": "https://assets.shop.loblaws.ca/products/20015746001/b3/en/front/20015746001_front_a06_@2.png",
                                            "largeUrl": "https://assets.shop.loblaws.ca/products/20015746001/b2/en/front/20015746001_front_a06_@2.png",
                                            "smallRetinaUrl": "https://assets.shop.loblaws.ca/products/20015746001/b1/en/front/20015746001_front_a01_@2.png",
                                            "mediumRetinaUrl": "https://assets.shop.loblaws.ca/products/20015746001/b3/en/front/20015746001_front_a06_@2.png",
                                            "largeRetinaUrl": "https://assets.shop.loblaws.ca/products/20015746001/b2/en/front/20015746001_front_a06_@2.png"
                                        }
                                    ],
                                    "brand": null,
                                    "title": "Curly Parsley",
                                    "description": "Curly leaf parsley is a popular herb with bright green leaves and a mild, fresh flavour. Use as a garnish or to add flavour to salads, or make parsley pesto and serve with pasta, poultry, or vegetables.",
                                    "packageSizing": "1 bunch, $1.99/1ea",
                                    "pricing": {
                                        "price": "1.99",
                                        "wasPrice": null,
                                        "displayPrice": "$1.99",
                                        "memberOnlyPrice": null,
                                        "mopDisplayPrice": null
                                    },
                                    "pricingUnits": {
                                        "type": "SOLD_BY_EACH",
                                        "unit": "ea",
                                        "interval": 1,
                                        "minOrderQuantity": 1,
                                        "maxOrderQuantity": 25,
                                        "weighted": false
                                    },
                                    "deal": null,
                                    "mopDeal": null,
                                    "pcoDeal": null,
                                    "inventoryIndicator": null,
                                    "offerType": "OG",
                                    "offerId": "OG",
                                    "action": null,
                                    "isVariant": false,
                                    "link": "/curly-parsley/p/20015746001_EA",
                                    "productVendor": null,
                                    "productVariant": null,
                                    "textBadge": "",
                                    "variantTheme": null,
                                    "articleNumber": "20015746001",
                                    "uom": "EA",
                                    "sponsoredCreative": null,
                                    "isSponsored": false,
                                    "isComplementarySponsored": false,
                                    "complementarySponsoredBadgeText": null,
                                    "productBadge": null
                                },
                                {
                                    "index": 4,
                                    "productId": "20185183001_EA",
                                    "productImage": [
                                        {
                                            "imageUrl": "https://assets.shop.loblaws.ca/products/20185183001/b2/en/front/20185183001_front_a06_@2.png",
                                            "smallUrl": "https://assets.shop.loblaws.ca/products/20185183001/b1/en/front/20185183001_front_a01_@2.png",
                                            "mediumUrl": "https://assets.shop.loblaws.ca/products/20185183001/b3/en/front/20185183001_front_a06_@2.png",
                                            "largeUrl": "https://assets.shop.loblaws.ca/products/20185183001/b2/en/front/20185183001_front_a06_@2.png",
                                            "smallRetinaUrl": "https://assets.shop.loblaws.ca/products/20185183001/b1/en/front/20185183001_front_a01_@2.png",
                                            "mediumRetinaUrl": "https://assets.shop.loblaws.ca/products/20185183001/b3/en/front/20185183001_front_a06_@2.png",
                                            "largeRetinaUrl": "https://assets.shop.loblaws.ca/products/20185183001/b2/en/front/20185183001_front_a06_@2.png"
                                        }
                                    ],
                                    "brand": null,
                                    "title": "Fresh Dill, Baby",
                                    "description": "Dill has feathery green leaves called dill weed and a distinctive flavour and fragrance that is quite different from its dried form, dill seed. Fresh dill is used in both raw and cooked dishes. Use finely chopped dill in potato salad and deviled eggs, or as seasoning for baked salmon and roasted carrots.",
                                    "packageSizing": "1 bunch, $3.99/1ea",
                                    "pricing": {
                                        "price": "3.99",
                                        "wasPrice": null,
                                        "displayPrice": "$3.99",
                                        "memberOnlyPrice": null,
                                        "mopDisplayPrice": null
                                    },
                                    "pricingUnits": {
                                        "type": "SOLD_BY_EACH",
                                        "unit": "ea",
                                        "interval": 1,
                                        "minOrderQuantity": 1,
                                        "maxOrderQuantity": 25,
                                        "weighted": false
                                    },
                                    "deal": null,
                                    "mopDeal": null,
                                    "pcoDeal": null,
                                    "inventoryIndicator": null,
                                    "offerType": "OG",
                                    "offerId": "OG",
                                    "action": null,
                                    "isVariant": false,
                                    "link": "/fresh-dill-baby/p/20185183001_EA",
                                    "productVendor": null,
                                    "productVariant": null,
                                    "textBadge": "",
                                    "variantTheme": null,
                                    "articleNumber": "20185183001",
                                    "uom": "EA",
                                    "sponsoredCreative": null,
                                    "isSponsored": false,
                                    "isComplementarySponsored": false,
                                    "complementarySponsoredBadgeText": null,
                                    "productBadge": null
                                },
                                {
                                    "index": 5,
                                    "productId": "20139326001_EA",
                                    "productImage": [
                                        {
                                            "imageUrl": "https://assets.shop.loblaws.ca/products/20139326001/b2/en/front/20139326001_front_a06_@2.png",
                                            "smallUrl": "https://assets.shop.loblaws.ca/products/20139326001/b1/en/front/20139326001_front_a01_@2.png",
                                            "mediumUrl": "https://assets.shop.loblaws.ca/products/20139326001/b3/en/front/20139326001_front_a06_@2.png",
                                            "largeUrl": "https://assets.shop.loblaws.ca/products/20139326001/b2/en/front/20139326001_front_a06_@2.png",
                                            "smallRetinaUrl": "https://assets.shop.loblaws.ca/products/20139326001/b1/en/front/20139326001_front_a01_@2.png",
                                            "mediumRetinaUrl": "https://assets.shop.loblaws.ca/products/20139326001/b3/en/front/20139326001_front_a06_@2.png",
                                            "largeRetinaUrl": "https://assets.shop.loblaws.ca/products/20139326001/b2/en/front/20139326001_front_a06_@2.png"
                                        }
                                    ],
                                    "brand": null,
                                    "title": "Mint, Fresh",
                                    "description": "Mint is a versatile herb that can be used many types of dishes. Peppermint has bright green leaves and a peppery flavour while spearmint has a milder fragrance and flavour. Add fresh mint to salads, salsas, or smoothies, or use to make a mint sauce to serve with lamb chops.",
                                    "packageSizing": "1 bunch, $1.99/1ea",
                                    "pricing": {
                                        "price": "1.99",
                                        "wasPrice": null,
                                        "displayPrice": "$1.99",
                                        "memberOnlyPrice": null,
                                        "mopDisplayPrice": null
                                    },
                                    "pricingUnits": {
                                        "type": "SOLD_BY_EACH",
                                        "unit": "ea",
                                        "interval": 1,
                                        "minOrderQuantity": 1,
                                        "maxOrderQuantity": 25,
                                        "weighted": false
                                    },
                                    "deal": null,
                                    "mopDeal": null,
                                    "pcoDeal": null,
                                    "inventoryIndicator": {
                                        "indicatorId": "OUT",
                                        "text": "Out of Stock"
                                    },
                                    "offerType": "OG",
                                    "offerId": "OG",
                                    "action": null,
                                    "isVariant": false,
                                    "link": "/mint-fresh/p/20139326001_EA",
                                    "productVendor": null,
                                    "productVariant": null,
                                    "textBadge": "out-of-stock",
                                    "variantTheme": null,
                                    "articleNumber": "20139326001",
                                    "uom": "EA",
                                    "sponsoredCreative": null,
                                    "isSponsored": false,
                                    "isComplementarySponsored": false,
                                    "complementarySponsoredBadgeText": null,
                                    "productBadge": null
                                },
                                {
                                    "index": 6,
                                    "productId": "21184798_EA",
                                    "productImage": [
                                        {
                                            "imageUrl": "https://assets.shop.loblaws.ca/products/21184798/b2/en/front/21184798_front_a06_@2.png",
                                            "smallUrl": "https://assets.shop.loblaws.ca/products/21184798/b1/en/front/21184798_front_a01_@2.png",
                                            "mediumUrl": "https://assets.shop.loblaws.ca/products/21184798/b3/en/front/21184798_front_a06_@2.png",
                                            "largeUrl": "https://assets.shop.loblaws.ca/products/21184798/b2/en/front/21184798_front_a06_@2.png",
                                            "smallRetinaUrl": "https://assets.shop.loblaws.ca/products/21184798/b1/en/front/21184798_front_a01_@2.png",
                                            "mediumRetinaUrl": "https://assets.shop.loblaws.ca/products/21184798/b3/en/front/21184798_front_a06_@2.png",
                                            "largeRetinaUrl": "https://assets.shop.loblaws.ca/products/21184798/b2/en/front/21184798_front_a06_@2.png"
                                        }
                                    ],
                                    "brand": "President's Choice",
                                    "title": "Basil",
                                    "description": null,
                                    "packageSizing": "28 g",
                                    "pricing": {
                                        "price": "2.99",
                                        "wasPrice": null,
                                        "displayPrice": "$2.99",
                                        "memberOnlyPrice": null,
                                        "mopDisplayPrice": null
                                    },
                                    "pricingUnits": {
                                        "type": "SOLD_BY_EACH",
                                        "unit": "ea",
                                        "interval": 1,
                                        "minOrderQuantity": 1,
                                        "maxOrderQuantity": 25,
                                        "weighted": false
                                    },
                                    "deal": null,
                                    "mopDeal": null,
                                    "pcoDeal": null,
                                    "inventoryIndicator": null,
                                    "offerType": "OG",
                                    "offerId": "OG",
                                    "action": null,
                                    "isVariant": false,
                                    "link": "/basil/p/21184798_EA",
                                    "productVendor": null,
                                    "productVariant": null,
                                    "textBadge": "",
                                    "variantTheme": null,
                                    "articleNumber": "21184798",
                                    "uom": "EA",
                                    "sponsoredCreative": null,
                                    "isSponsored": false,
                                    "isComplementarySponsored": false,
                                    "complementarySponsoredBadgeText": null,
                                    "productBadge": null
                                },
                                {
                                    "index": 7,
                                    "productId": "21184835_EA",
                                    "productImage": [
                                        {
                                            "imageUrl": "https://assets.shop.loblaws.ca/products/21184835/b2/en/front/21184835_front_a06_@2.png",
                                            "smallUrl": "https://assets.shop.loblaws.ca/products/21184835/b1/en/front/21184835_front_a01_@2.png",
                                            "mediumUrl": "https://assets.shop.loblaws.ca/products/21184835/b3/en/front/21184835_front_a06_@2.png",
                                            "largeUrl": "https://assets.shop.loblaws.ca/products/21184835/b2/en/front/21184835_front_a06_@2.png",
                                            "smallRetinaUrl": "https://assets.shop.loblaws.ca/products/21184835/b1/en/front/21184835_front_a01_@2.png",
                                            "mediumRetinaUrl": "https://assets.shop.loblaws.ca/products/21184835/b3/en/front/21184835_front_a06_@2.png",
                                            "largeRetinaUrl": "https://assets.shop.loblaws.ca/products/21184835/b2/en/front/21184835_front_a06_@2.png"
                                        }
                                    ],
                                    "brand": "President's Choice",
                                    "title": "Mint",
                                    "description": null,
                                    "packageSizing": "28 g",
                                    "pricing": {
                                        "price": "2.99",
                                        "wasPrice": null,
                                        "displayPrice": "$2.99",
                                        "memberOnlyPrice": null,
                                        "mopDisplayPrice": null
                                    },
                                    "pricingUnits": {
                                        "type": "SOLD_BY_EACH",
                                        "unit": "ea",
                                        "interval": 1,
                                        "minOrderQuantity": 1,
                                        "maxOrderQuantity": 25,
                                        "weighted": false
                                    },
                                    "deal": null,
                                    "mopDeal": null,
                                    "pcoDeal": null,
                                    "inventoryIndicator": {
                                        "indicatorId": "LOW",
                                        "text": "Low Stock"
                                    },
                                    "offerType": "OG",
                                    "offerId": "OG",
                                    "action": null,
                                    "isVariant": false,
                                    "link": "/mint/p/21184835_EA",
                                    "productVendor": null,
                                    "productVariant": null,
                                    "textBadge": "low-inventory",
                                    "variantTheme": null,
                                    "articleNumber": "21184835",
                                    "uom": "EA",
                                    "sponsoredCreative": null,
                                    "isSponsored": false,
                                    "isComplementarySponsored": false,
                                    "complementarySponsoredBadgeText": null,
                                    "productBadge": null
                                },
                                {
                                    "index": 8,
                                    "productId": "21184893_EA",
                                    "productImage": [
                                        {
                                            "imageUrl": "https://assets.shop.loblaws.ca/products/21184893/b2/en/front/21184893_front_a06_@2.png",
                                            "smallUrl": "https://assets.shop.loblaws.ca/products/21184893/b1/en/front/21184893_front_a01_@2.png",
                                            "mediumUrl": "https://assets.shop.loblaws.ca/products/21184893/b3/en/front/21184893_front_a06_@2.png",
                                            "largeUrl": "https://assets.shop.loblaws.ca/products/21184893/b2/en/front/21184893_front_a06_@2.png",
                                            "smallRetinaUrl": "https://assets.shop.loblaws.ca/products/21184893/b1/en/front/21184893_front_a01_@2.png",
                                            "mediumRetinaUrl": "https://assets.shop.loblaws.ca/products/21184893/b3/en/front/21184893_front_a06_@2.png",
                                            "largeRetinaUrl": "https://assets.shop.loblaws.ca/products/21184893/b2/en/front/21184893_front_a06_@2.png"
                                        }
                                    ],
                                    "brand": "President's Choice",
                                    "title": "Basil",
                                    "description": null,
                                    "packageSizing": "80 g",
                                    "pricing": {
                                        "price": "4.99",
                                        "wasPrice": null,
                                        "displayPrice": "$4.99",
                                        "memberOnlyPrice": null,
                                        "mopDisplayPrice": null
                                    },
                                    "pricingUnits": {
                                        "type": "SOLD_BY_EACH",
                                        "unit": "ea",
                                        "interval": 1,
                                        "minOrderQuantity": 1,
                                        "maxOrderQuantity": 25,
                                        "weighted": false
                                    },
                                    "deal": null,
                                    "mopDeal": null,
                                    "pcoDeal": null,
                                    "inventoryIndicator": {
                                        "indicatorId": "OUT",
                                        "text": "Out of Stock"
                                    },
                                    "offerType": "OG",
                                    "offerId": "OG",
                                    "action": null,
                                    "isVariant": false,
                                    "link": "/basil/p/21184893_EA",
                                    "productVendor": null,
                                    "productVariant": null,
                                    "textBadge": "out-of-stock",
                                    "variantTheme": null,
                                    "articleNumber": "21184893",
                                    "uom": "EA",
                                    "sponsoredCreative": null,
                                    "isSponsored": false,
                                    "isComplementarySponsored": false,
                                    "complementarySponsoredBadgeText": null,
                                    "productBadge": null
                                },
                                {
                                    "index": 9,
                                    "productId": "21184812_EA",
                                    "productImage": [
                                        {
                                            "imageUrl": "https://assets.shop.loblaws.ca/products/21184812/b2/en/front/21184812_front_a06_@2.png",
                                            "smallUrl": "https://assets.shop.loblaws.ca/products/21184812/b1/en/front/21184812_front_a01_@2.png",
                                            "mediumUrl": "https://assets.shop.loblaws.ca/products/21184812/b3/en/front/21184812_front_a06_@2.png",
                                            "largeUrl": "https://assets.shop.loblaws.ca/products/21184812/b2/en/front/21184812_front_a06_@2.png",
                                            "smallRetinaUrl": "https://assets.shop.loblaws.ca/products/21184812/b1/en/front/21184812_front_a01_@2.png",
                                            "mediumRetinaUrl": "https://assets.shop.loblaws.ca/products/21184812/b3/en/front/21184812_front_a06_@2.png",
                                            "largeRetinaUrl": "https://assets.shop.loblaws.ca/products/21184812/b2/en/front/21184812_front_a06_@2.png"
                                        }
                                    ],
                                    "brand": "President's Choice",
                                    "title": "Dill",
                                    "description": null,
                                    "packageSizing": "28 g",
                                    "pricing": {
                                        "price": "2.99",
                                        "wasPrice": null,
                                        "displayPrice": "$2.99",
                                        "memberOnlyPrice": null,
                                        "mopDisplayPrice": null
                                    },
                                    "pricingUnits": {
                                        "type": "SOLD_BY_EACH",
                                        "unit": "ea",
                                        "interval": 1,
                                        "minOrderQuantity": 1,
                                        "maxOrderQuantity": 25,
                                        "weighted": false
                                    },
                                    "deal": null,
                                    "mopDeal": null,
                                    "pcoDeal": null,
                                    "inventoryIndicator": {
                                        "indicatorId": "OUT",
                                        "text": "Out of Stock"
                                    },
                                    "offerType": "OG",
                                    "offerId": "OG",
                                    "action": null,
                                    "isVariant": false,
                                    "link": "/dill/p/21184812_EA",
                                    "productVendor": null,
                                    "productVariant": null,
                                    "textBadge": "out-of-stock",
                                    "variantTheme": null,
                                    "articleNumber": "21184812",
                                    "uom": "EA",
                                    "sponsoredCreative": null,
                                    "isSponsored": false,
                                    "isComplementarySponsored": false,
                                    "complementarySponsoredBadgeText": null,
                                    "productBadge": null
                                },
                                {
                                    "index": 10,
                                    "productId": "21184843_EA",
                                    "productImage": [
                                        {
                                            "imageUrl": "https://assets.shop.loblaws.ca/products/21184843/b2/en/front/21184843_front_a06_@2.png",
                                            "smallUrl": "https://assets.shop.loblaws.ca/products/21184843/b1/en/front/21184843_front_a01_@2.png",
                                            "mediumUrl": "https://assets.shop.loblaws.ca/products/21184843/b3/en/front/21184843_front_a06_@2.png",
                                            "largeUrl": "https://assets.shop.loblaws.ca/products/21184843/b2/en/front/21184843_front_a06_@2.png",
                                            "smallRetinaUrl": "https://assets.shop.loblaws.ca/products/21184843/b1/en/front/21184843_front_a01_@2.png",
                                            "mediumRetinaUrl": "https://assets.shop.loblaws.ca/products/21184843/b3/en/front/21184843_front_a06_@2.png",
                                            "largeRetinaUrl": "https://assets.shop.loblaws.ca/products/21184843/b2/en/front/21184843_front_a06_@2.png"
                                        }
                                    ],
                                    "brand": "President's Choice",
                                    "title": "Rosemary",
                                    "description": null,
                                    "packageSizing": "28 g",
                                    "pricing": {
                                        "price": "2.99",
                                        "wasPrice": null,
                                        "displayPrice": "$2.99",
                                        "memberOnlyPrice": null,
                                        "mopDisplayPrice": null
                                    },
                                    "pricingUnits": {
                                        "type": "SOLD_BY_EACH",
                                        "unit": "ea",
                                        "interval": 1,
                                        "minOrderQuantity": 1,
                                        "maxOrderQuantity": 25,
                                        "weighted": false
                                    },
                                    "deal": null,
                                    "mopDeal": null,
                                    "pcoDeal": null,
                                    "inventoryIndicator": null,
                                    "offerType": "OG",
                                    "offerId": "OG",
                                    "action": null,
                                    "isVariant": false,
                                    "link": "/rosemary/p/21184843_EA",
                                    "productVendor": null,
                                    "productVariant": null,
                                    "textBadge": "",
                                    "variantTheme": null,
                                    "articleNumber": "21184843",
                                    "uom": "EA",
                                    "sponsoredCreative": null,
                                    "isSponsored": false,
                                    "isComplementarySponsored": false,
                                    "complementarySponsoredBadgeText": null,
                                    "productBadge": null
                                },
                                {
                                    "index": 11,
                                    "productId": "21184888_EA",
                                    "productImage": [
                                        {
                                            "imageUrl": "https://assets.shop.loblaws.ca/products/21184888/b2/en/front/21184888_front_a06_@2.png",
                                            "smallUrl": "https://assets.shop.loblaws.ca/products/21184888/b1/en/front/21184888_front_a01_@2.png",
                                            "mediumUrl": "https://assets.shop.loblaws.ca/products/21184888/b3/en/front/21184888_front_a06_@2.png",
                                            "largeUrl": "https://assets.shop.loblaws.ca/products/21184888/b2/en/front/21184888_front_a06_@2.png",
                                            "smallRetinaUrl": "https://assets.shop.loblaws.ca/products/21184888/b1/en/front/21184888_front_a01_@2.png",
                                            "mediumRetinaUrl": "https://assets.shop.loblaws.ca/products/21184888/b3/en/front/21184888_front_a06_@2.png",
                                            "largeRetinaUrl": "https://assets.shop.loblaws.ca/products/21184888/b2/en/front/21184888_front_a06_@2.png"
                                        }
                                    ],
                                    "brand": "President's Choice",
                                    "title": "Thyme ",
                                    "description": null,
                                    "packageSizing": "28 g",
                                    "pricing": {
                                        "price": "2.99",
                                        "wasPrice": null,
                                        "displayPrice": "$2.99",
                                        "memberOnlyPrice": null,
                                        "mopDisplayPrice": null
                                    },
                                    "pricingUnits": {
                                        "type": "SOLD_BY_EACH",
                                        "unit": "ea",
                                        "interval": 1,
                                        "minOrderQuantity": 1,
                                        "maxOrderQuantity": 25,
                                        "weighted": false
                                    },
                                    "deal": null,
                                    "mopDeal": null,
                                    "pcoDeal": null,
                                    "inventoryIndicator": null,
                                    "offerType": "OG",
                                    "offerId": "OG",
                                    "action": null,
                                    "isVariant": false,
                                    "link": "/thyme/p/21184888_EA",
                                    "productVendor": null,
                                    "productVariant": null,
                                    "textBadge": "",
                                    "variantTheme": null,
                                    "articleNumber": "21184888",
                                    "uom": "EA",
                                    "sponsoredCreative": null,
                                    "isSponsored": false,
                                    "isComplementarySponsored": false,
                                    "complementarySponsoredBadgeText": null,
                                    "productBadge": null
                                },
                                {
                                    "index": 12,
                                    "productId": "21184809_EA",
                                    "productImage": [
                                        {
                                            "imageUrl": "https://assets.shop.loblaws.ca/products/21184809/b2/en/front/21184809_front_a06_@2.png",
                                            "smallUrl": "https://assets.shop.loblaws.ca/products/21184809/b1/en/front/21184809_front_a01_@2.png",
                                            "mediumUrl": "https://assets.shop.loblaws.ca/products/21184809/b3/en/front/21184809_front_a06_@2.png",
                                            "largeUrl": "https://assets.shop.loblaws.ca/products/21184809/b2/en/front/21184809_front_a06_@2.png",
                                            "smallRetinaUrl": "https://assets.shop.loblaws.ca/products/21184809/b1/en/front/21184809_front_a01_@2.png",
                                            "mediumRetinaUrl": "https://assets.shop.loblaws.ca/products/21184809/b3/en/front/21184809_front_a06_@2.png",
                                            "largeRetinaUrl": "https://assets.shop.loblaws.ca/products/21184809/b2/en/front/21184809_front_a06_@2.png"
                                        }
                                    ],
                                    "brand": "President's Choice",
                                    "title": "Chives",
                                    "description": null,
                                    "packageSizing": "28 g",
                                    "pricing": {
                                        "price": "2.99",
                                        "wasPrice": null,
                                        "displayPrice": "$2.99",
                                        "memberOnlyPrice": null,
                                        "mopDisplayPrice": null
                                    },
                                    "pricingUnits": {
                                        "type": "SOLD_BY_EACH",
                                        "unit": "ea",
                                        "interval": 1,
                                        "minOrderQuantity": 1,
                                        "maxOrderQuantity": 25,
                                        "weighted": false
                                    },
                                    "deal": null,
                                    "mopDeal": null,
                                    "pcoDeal": null,
                                    "inventoryIndicator": null,
                                    "offerType": "OG",
                                    "offerId": "OG",
                                    "action": null,
                                    "isVariant": false,
                                    "link": "/chives/p/21184809_EA",
                                    "productVendor": null,
                                    "productVariant": null,
                                    "textBadge": "",
                                    "variantTheme": null,
                                    "articleNumber": "21184809",
                                    "uom": "EA",
                                    "sponsoredCreative": null,
                                    "isSponsored": false,
                                    "isComplementarySponsored": false,
                                    "complementarySponsoredBadgeText": null,
                                    "productBadge": null
                                },
                                {
                                    "index": 13,
                                    "productId": "21181998_EA",
                                    "productImage": [
                                        {
                                            "imageUrl": "https://assets.shop.loblaws.ca/products/21181998/b2/en/front/21181998_front_a06_@2.png",
                                            "smallUrl": "https://assets.shop.loblaws.ca/products/21181998/b1/en/front/21181998_front_a01_@2.png",
                                            "mediumUrl": "https://assets.shop.loblaws.ca/products/21181998/b3/en/front/21181998_front_a06_@2.png",
                                            "largeUrl": "https://assets.shop.loblaws.ca/products/21181998/b2/en/front/21181998_front_a06_@2.png",
                                            "smallRetinaUrl": "https://assets.shop.loblaws.ca/products/21181998/b1/en/front/21181998_front_a01_@2.png",
                                            "mediumRetinaUrl": "https://assets.shop.loblaws.ca/products/21181998/b3/en/front/21181998_front_a06_@2.png",
                                            "largeRetinaUrl": "https://assets.shop.loblaws.ca/products/21181998/b2/en/front/21181998_front_a06_@2.png"
                                        },
                                        {
                                            "imageUrl": "https://assets.shop.loblaws.ca/products/21181998/b2/en/angle/21181998_angle_a06_@2.png",
                                            "smallUrl": "https://assets.shop.loblaws.ca/products/21181998/b1/en/angle/21181998_angle_a01_@2.png",
                                            "mediumUrl": "https://assets.shop.loblaws.ca/products/21181998/b3/en/angle/21181998_angle_a06_@2.png",
                                            "largeUrl": "https://assets.shop.loblaws.ca/products/21181998/b2/en/angle/21181998_angle_a06_@2.png",
                                            "smallRetinaUrl": "https://assets.shop.loblaws.ca/products/21181998/b1/en/angle/21181998_angle_a01_@2.png",
                                            "mediumRetinaUrl": "https://assets.shop.loblaws.ca/products/21181998/b3/en/angle/21181998_angle_a06_@2.png",
                                            "largeRetinaUrl": "https://assets.shop.loblaws.ca/products/21181998/b2/en/angle/21181998_angle_a06_@2.png"
                                        },
                                        {
                                            "imageUrl": "https://assets.shop.loblaws.ca/products/21181998/b2/en/side/21181998_side_a06_@2.png",
                                            "smallUrl": "https://assets.shop.loblaws.ca/products/21181998/b1/en/side/21181998_side_a01_@2.png",
                                            "mediumUrl": "https://assets.shop.loblaws.ca/products/21181998/b3/en/side/21181998_side_a06_@2.png",
                                            "largeUrl": "https://assets.shop.loblaws.ca/products/21181998/b2/en/side/21181998_side_a06_@2.png",
                                            "smallRetinaUrl": "https://assets.shop.loblaws.ca/products/21181998/b1/en/side/21181998_side_a01_@2.png",
                                            "mediumRetinaUrl": "https://assets.shop.loblaws.ca/products/21181998/b3/en/side/21181998_side_a06_@2.png",
                                            "largeRetinaUrl": "https://assets.shop.loblaws.ca/products/21181998/b2/en/side/21181998_side_a06_@2.png"
                                        }
                                    ],
                                    "brand": null,
                                    "title": "Basil ",
                                    "description": null,
                                    "packageSizing": "1 ea, $4.99/1ea",
                                    "pricing": {
                                        "price": "4.99",
                                        "wasPrice": null,
                                        "displayPrice": "$4.99",
                                        "memberOnlyPrice": null,
                                        "mopDisplayPrice": null
                                    },
                                    "pricingUnits": {
                                        "type": "SOLD_BY_EACH",
                                        "unit": "ea",
                                        "interval": 1,
                                        "minOrderQuantity": 1,
                                        "maxOrderQuantity": 25,
                                        "weighted": false
                                    },
                                    "deal": null,
                                    "mopDeal": null,
                                    "pcoDeal": null,
                                    "inventoryIndicator": {
                                        "indicatorId": "OUT",
                                        "text": "Out of Stock"
                                    },
                                    "offerType": "OG",
                                    "offerId": "OG",
                                    "action": null,
                                    "isVariant": false,
                                    "link": "/basil/p/21181998_EA",
                                    "productVendor": null,
                                    "productVariant": null,
                                    "textBadge": "out-of-stock",
                                    "variantTheme": null,
                                    "articleNumber": "21181998",
                                    "uom": "EA",
                                    "sponsoredCreative": null,
                                    "isSponsored": false,
                                    "isComplementarySponsored": false,
                                    "complementarySponsoredBadgeText": null,
                                    "productBadge": null
                                },
                                {
                                    "index": 14,
                                    "productId": "21184810_EA",
                                    "productImage": [
                                        {
                                            "imageUrl": "https://assets.shop.loblaws.ca/products/21184810/b2/en/front/21184810_front_a06_@2.png",
                                            "smallUrl": "https://assets.shop.loblaws.ca/products/21184810/b1/en/front/21184810_front_a01_@2.png",
                                            "mediumUrl": "https://assets.shop.loblaws.ca/products/21184810/b3/en/front/21184810_front_a06_@2.png",
                                            "largeUrl": "https://assets.shop.loblaws.ca/products/21184810/b2/en/front/21184810_front_a06_@2.png",
                                            "smallRetinaUrl": "https://assets.shop.loblaws.ca/products/21184810/b1/en/front/21184810_front_a01_@2.png",
                                            "mediumRetinaUrl": "https://assets.shop.loblaws.ca/products/21184810/b3/en/front/21184810_front_a06_@2.png",
                                            "largeRetinaUrl": "https://assets.shop.loblaws.ca/products/21184810/b2/en/front/21184810_front_a06_@2.png"
                                        }
                                    ],
                                    "brand": "President's Choice",
                                    "title": "Cilantro",
                                    "description": null,
                                    "packageSizing": "28 g",
                                    "pricing": {
                                        "price": "2.99",
                                        "wasPrice": null,
                                        "displayPrice": "$2.99",
                                        "memberOnlyPrice": null,
                                        "mopDisplayPrice": null
                                    },
                                    "pricingUnits": {
                                        "type": "SOLD_BY_EACH",
                                        "unit": "ea",
                                        "interval": 1,
                                        "minOrderQuantity": 1,
                                        "maxOrderQuantity": 25,
                                        "weighted": false
                                    },
                                    "deal": null,
                                    "mopDeal": null,
                                    "pcoDeal": null,
                                    "inventoryIndicator": {
                                        "indicatorId": "OUT",
                                        "text": "Out of Stock"
                                    },
                                    "offerType": "OG",
                                    "offerId": "OG",
                                    "action": null,
                                    "isVariant": false,
                                    "link": "/cilantro/p/21184810_EA",
                                    "productVendor": null,
                                    "productVariant": null,
                                    "textBadge": "out-of-stock",
                                    "variantTheme": null,
                                    "articleNumber": "21184810",
                                    "uom": "EA",
                                    "sponsoredCreative": null,
                                    "isSponsored": false,
                                    "isComplementarySponsored": false,
                                    "complementarySponsoredBadgeText": null,
                                    "productBadge": null
                                },
                                {
                                    "index": 15,
                                    "productId": "20915386_EA",
                                    "productImage": [
                                        {
                                            "imageUrl": "https://assets.shop.loblaws.ca/products/20915386/b2/en/front/20915386_front_a06_@2.png",
                                            "smallUrl": "https://assets.shop.loblaws.ca/products/20915386/b1/en/front/20915386_front_a01_@2.png",
                                            "mediumUrl": "https://assets.shop.loblaws.ca/products/20915386/b3/en/front/20915386_front_a06_@2.png",
                                            "largeUrl": "https://assets.shop.loblaws.ca/products/20915386/b2/en/front/20915386_front_a06_@2.png",
                                            "smallRetinaUrl": "https://assets.shop.loblaws.ca/products/20915386/b1/en/front/20915386_front_a01_@2.png",
                                            "mediumRetinaUrl": "https://assets.shop.loblaws.ca/products/20915386/b3/en/front/20915386_front_a06_@2.png",
                                            "largeRetinaUrl": "https://assets.shop.loblaws.ca/products/20915386/b2/en/front/20915386_front_a06_@2.png"
                                        }
                                    ],
                                    "brand": "PC Organics",
                                    "title": "Mint",
                                    "description": "An aromatic herb that shines in everything from desserts to beverages and appetizers to mains, chop and sprinkle these fresh and organically grown mint leaves on roast lamb, beet and feta salad, buttered peas and couscous salad, and add leaves to a pitcher of water along with sliced lemon and cucumber for a natural refresher.",
                                    "packageSizing": "20 g",
                                    "pricing": {
                                        "price": "2.99",
                                        "wasPrice": null,
                                        "displayPrice": "$2.99",
                                        "memberOnlyPrice": null,
                                        "mopDisplayPrice": null
                                    },
                                    "pricingUnits": {
                                        "type": "SOLD_BY_EACH",
                                        "unit": "ea",
                                        "interval": 1,
                                        "minOrderQuantity": 1,
                                        "maxOrderQuantity": 25,
                                        "weighted": false
                                    },
                                    "deal": null,
                                    "mopDeal": null,
                                    "pcoDeal": null,
                                    "inventoryIndicator": {
                                        "indicatorId": "OUT",
                                        "text": "Out of Stock"
                                    },
                                    "offerType": "OG",
                                    "offerId": "OG",
                                    "action": null,
                                    "isVariant": false,
                                    "link": "/mint/p/20915386_EA",
                                    "productVendor": null,
                                    "productVariant": null,
                                    "textBadge": "out-of-stock",
                                    "variantTheme": null,
                                    "articleNumber": "20915386",
                                    "uom": "EA",
                                    "sponsoredCreative": null,
                                    "isSponsored": false,
                                    "isComplementarySponsored": false,
                                    "complementarySponsoredBadgeText": null,
                                    "productBadge": null
                                },
                                {
                                    "index": 16,
                                    "productId": "20937494_EA",
                                    "productImage": [
                                        {
                                            "imageUrl": "https://assets.shop.loblaws.ca/products/20937494/b2/en/front/20937494_front_a06_@2.png",
                                            "smallUrl": "https://assets.shop.loblaws.ca/products/20937494/b1/en/front/20937494_front_a01_@2.png",
                                            "mediumUrl": "https://assets.shop.loblaws.ca/products/20937494/b3/en/front/20937494_front_a06_@2.png",
                                            "largeUrl": "https://assets.shop.loblaws.ca/products/20937494/b2/en/front/20937494_front_a06_@2.png",
                                            "smallRetinaUrl": "https://assets.shop.loblaws.ca/products/20937494/b1/en/front/20937494_front_a01_@2.png",
                                            "mediumRetinaUrl": "https://assets.shop.loblaws.ca/products/20937494/b3/en/front/20937494_front_a06_@2.png",
                                            "largeRetinaUrl": "https://assets.shop.loblaws.ca/products/20937494/b2/en/front/20937494_front_a06_@2.png"
                                        }
                                    ],
                                    "brand": "PC Organics",
                                    "title": "Rosemary",
                                    "description": null,
                                    "packageSizing": "20 g",
                                    "pricing": {
                                        "price": "2.99",
                                        "wasPrice": null,
                                        "displayPrice": "$2.99",
                                        "memberOnlyPrice": null,
                                        "mopDisplayPrice": null
                                    },
                                    "pricingUnits": {
                                        "type": "SOLD_BY_EACH",
                                        "unit": "ea",
                                        "interval": 1,
                                        "minOrderQuantity": 1,
                                        "maxOrderQuantity": 25,
                                        "weighted": false
                                    },
                                    "deal": null,
                                    "mopDeal": null,
                                    "pcoDeal": null,
                                    "inventoryIndicator": {
                                        "indicatorId": "OUT",
                                        "text": "Out of Stock"
                                    },
                                    "offerType": "OG",
                                    "offerId": "OG",
                                    "action": null,
                                    "isVariant": false,
                                    "link": "/rosemary/p/20937494_EA",
                                    "productVendor": null,
                                    "productVariant": null,
                                    "textBadge": "out-of-stock",
                                    "variantTheme": null,
                                    "articleNumber": "20937494",
                                    "uom": "EA",
                                    "sponsoredCreative": null,
                                    "isSponsored": false,
                                    "isComplementarySponsored": false,
                                    "complementarySponsoredBadgeText": null,
                                    "productBadge": null
                                },
                                {
                                    "index": 17,
                                    "productId": "20915170_EA",
                                    "productImage": [
                                        {
                                            "imageUrl": "https://assets.shop.loblaws.ca/products/20915170/b2/en/front/20915170_front_a06_@2.png",
                                            "smallUrl": "https://assets.shop.loblaws.ca/products/20915170/b1/en/front/20915170_front_a01_@2.png",
                                            "mediumUrl": "https://assets.shop.loblaws.ca/products/20915170/b3/en/front/20915170_front_a06_@2.png",
                                            "largeUrl": "https://assets.shop.loblaws.ca/products/20915170/b2/en/front/20915170_front_a06_@2.png",
                                            "smallRetinaUrl": "https://assets.shop.loblaws.ca/products/20915170/b1/en/front/20915170_front_a01_@2.png",
                                            "mediumRetinaUrl": "https://assets.shop.loblaws.ca/products/20915170/b3/en/front/20915170_front_a06_@2.png",
                                            "largeRetinaUrl": "https://assets.shop.loblaws.ca/products/20915170/b2/en/front/20915170_front_a06_@2.png"
                                        }
                                    ],
                                    "brand": "PC Organics",
                                    "title": "Organic Thyme",
                                    "description": null,
                                    "packageSizing": "20 g",
                                    "pricing": {
                                        "price": "2.99",
                                        "wasPrice": null,
                                        "displayPrice": "$2.99",
                                        "memberOnlyPrice": null,
                                        "mopDisplayPrice": null
                                    },
                                    "pricingUnits": {
                                        "type": "SOLD_BY_EACH",
                                        "unit": "ea",
                                        "interval": 1,
                                        "minOrderQuantity": 1,
                                        "maxOrderQuantity": 25,
                                        "weighted": false
                                    },
                                    "deal": null,
                                    "mopDeal": null,
                                    "pcoDeal": null,
                                    "inventoryIndicator": {
                                        "indicatorId": "OUT",
                                        "text": "Out of Stock"
                                    },
                                    "offerType": "OG",
                                    "offerId": "OG",
                                    "action": null,
                                    "isVariant": false,
                                    "link": "/organic-thyme/p/20915170_EA",
                                    "productVendor": null,
                                    "productVariant": null,
                                    "textBadge": "out-of-stock",
                                    "variantTheme": null,
                                    "articleNumber": "20915170",
                                    "uom": "EA",
                                    "sponsoredCreative": null,
                                    "isSponsored": false,
                                    "isComplementarySponsored": false,
                                    "complementarySponsoredBadgeText": null,
                                    "productBadge": null
                                },
                                {
                                    "index": 18,
                                    "productId": "21184838_EA",
                                    "productImage": [
                                        {
                                            "imageUrl": "https://assets.shop.loblaws.ca/products/21184838/b2/en/front/21184838_front_a06_@2.png",
                                            "smallUrl": "https://assets.shop.loblaws.ca/products/21184838/b1/en/front/21184838_front_a01_@2.png",
                                            "mediumUrl": "https://assets.shop.loblaws.ca/products/21184838/b3/en/front/21184838_front_a06_@2.png",
                                            "largeUrl": "https://assets.shop.loblaws.ca/products/21184838/b2/en/front/21184838_front_a06_@2.png",
                                            "smallRetinaUrl": "https://assets.shop.loblaws.ca/products/21184838/b1/en/front/21184838_front_a01_@2.png",
                                            "mediumRetinaUrl": "https://assets.shop.loblaws.ca/products/21184838/b3/en/front/21184838_front_a06_@2.png",
                                            "largeRetinaUrl": "https://assets.shop.loblaws.ca/products/21184838/b2/en/front/21184838_front_a06_@2.png"
                                        }
                                    ],
                                    "brand": "President's Choice",
                                    "title": "Oregano",
                                    "description": null,
                                    "packageSizing": "28 g",
                                    "pricing": {
                                        "price": "2.99",
                                        "wasPrice": null,
                                        "displayPrice": "$2.99",
                                        "memberOnlyPrice": null,
                                        "mopDisplayPrice": null
                                    },
                                    "pricingUnits": {
                                        "type": "SOLD_BY_EACH",
                                        "unit": "ea",
                                        "interval": 1,
                                        "minOrderQuantity": 1,
                                        "maxOrderQuantity": 25,
                                        "weighted": false
                                    },
                                    "deal": null,
                                    "mopDeal": null,
                                    "pcoDeal": null,
                                    "inventoryIndicator": {
                                        "indicatorId": "OUT",
                                        "text": "Out of Stock"
                                    },
                                    "offerType": "OG",
                                    "offerId": "OG",
                                    "action": null,
                                    "isVariant": false,
                                    "link": "/oregano/p/21184838_EA",
                                    "productVendor": null,
                                    "productVariant": null,
                                    "textBadge": "out-of-stock",
                                    "variantTheme": null,
                                    "articleNumber": "21184838",
                                    "uom": "EA",
                                    "sponsoredCreative": null,
                                    "isSponsored": false,
                                    "isComplementarySponsored": false,
                                    "complementarySponsoredBadgeText": null,
                                    "productBadge": null
                                },
                                {
                                    "index": 19,
                                    "productId": "21184860_EA",
                                    "productImage": [
                                        {
                                            "imageUrl": "https://assets.shop.loblaws.ca/products/21184860/b2/en/front/21184860_front_a06_@2.png",
                                            "smallUrl": "https://assets.shop.loblaws.ca/products/21184860/b1/en/front/21184860_front_a01_@2.png",
                                            "mediumUrl": "https://assets.shop.loblaws.ca/products/21184860/b3/en/front/21184860_front_a06_@2.png",
                                            "largeUrl": "https://assets.shop.loblaws.ca/products/21184860/b2/en/front/21184860_front_a06_@2.png",
                                            "smallRetinaUrl": "https://assets.shop.loblaws.ca/products/21184860/b1/en/front/21184860_front_a01_@2.png",
                                            "mediumRetinaUrl": "https://assets.shop.loblaws.ca/products/21184860/b3/en/front/21184860_front_a06_@2.png",
                                            "largeRetinaUrl": "https://assets.shop.loblaws.ca/products/21184860/b2/en/front/21184860_front_a06_@2.png"
                                        }
                                    ],
                                    "brand": "President's Choice",
                                    "title": "Sage",
                                    "description": null,
                                    "packageSizing": "28 g",
                                    "pricing": {
                                        "price": "2.99",
                                        "wasPrice": null,
                                        "displayPrice": "$2.99",
                                        "memberOnlyPrice": null,
                                        "mopDisplayPrice": null
                                    },
                                    "pricingUnits": {
                                        "type": "SOLD_BY_EACH",
                                        "unit": "ea",
                                        "interval": 1,
                                        "minOrderQuantity": 1,
                                        "maxOrderQuantity": 25,
                                        "weighted": false
                                    },
                                    "deal": null,
                                    "mopDeal": null,
                                    "pcoDeal": null,
                                    "inventoryIndicator": {
                                        "indicatorId": "LOW",
                                        "text": "Low Stock"
                                    },
                                    "offerType": "OG",
                                    "offerId": "OG",
                                    "action": null,
                                    "isVariant": false,
                                    "link": "/sage/p/21184860_EA",
                                    "productVendor": null,
                                    "productVariant": null,
                                    "textBadge": "low-inventory",
                                    "variantTheme": null,
                                    "articleNumber": "21184860",
                                    "uom": "EA",
                                    "sponsoredCreative": null,
                                    "isSponsored": false,
                                    "isComplementarySponsored": false,
                                    "complementarySponsoredBadgeText": null,
                                    "productBadge": null
                                },
                                {
                                    "index": 20,
                                    "productId": "21507114_EA",
                                    "productImage": [
                                        {
                                            "imageUrl": "https://assets.shop.loblaws.ca/products/21507114/b2/en/front/21507114_front_a06_@2.png",
                                            "smallUrl": "https://assets.shop.loblaws.ca/products/21507114/b1/en/front/21507114_front_a01_@2.png",
                                            "mediumUrl": "https://assets.shop.loblaws.ca/products/21507114/b3/en/front/21507114_front_a06_@2.png",
                                            "largeUrl": "https://assets.shop.loblaws.ca/products/21507114/b2/en/front/21507114_front_a06_@2.png",
                                            "smallRetinaUrl": "https://assets.shop.loblaws.ca/products/21507114/b1/en/front/21507114_front_a01_@2.png",
                                            "mediumRetinaUrl": "https://assets.shop.loblaws.ca/products/21507114/b3/en/front/21507114_front_a06_@2.png",
                                            "largeRetinaUrl": "https://assets.shop.loblaws.ca/products/21507114/b2/en/front/21507114_front_a06_@2.png"
                                        }
                                    ],
                                    "brand": "Gourmet Garden",
                                    "title": "Paste Ginger",
                                    "description": "Warm, spicy ginger flavour without the peeling and chopping? Yes, please! Enter Gourmet Garden Ginger Stir-In Paste, harvested when essential oils are at their peak for the best flavour, colour and aroma when it reaches your familys table. Reach for our ginger right when the inspiration strikes ... its best added to sauces, marinades, juices and cookies at the beginning of cooking. Store refrigerated for up to three months.",
                                    "packageSizing": "80 g, $7.49/100g",
                                    "pricing": {
                                        "price": "5.99",
                                        "wasPrice": null,
                                        "displayPrice": "$5.99",
                                        "memberOnlyPrice": null,
                                        "mopDisplayPrice": null
                                    },
                                    "pricingUnits": {
                                        "type": "SOLD_BY_EACH",
                                        "unit": "ea",
                                        "interval": 1,
                                        "minOrderQuantity": 1,
                                        "maxOrderQuantity": 25,
                                        "weighted": false
                                    },
                                    "deal": null,
                                    "mopDeal": null,
                                    "pcoDeal": null,
                                    "inventoryIndicator": null,
                                    "offerType": "OG",
                                    "offerId": "OG",
                                    "action": null,
                                    "isVariant": false,
                                    "link": "/paste-ginger/p/21507114_EA",
                                    "productVendor": null,
                                    "productVariant": null,
                                    "textBadge": "",
                                    "variantTheme": null,
                                    "articleNumber": "21507114",
                                    "uom": "EA",
                                    "sponsoredCreative": null,
                                    "isSponsored": false,
                                    "isComplementarySponsored": false,
                                    "complementarySponsoredBadgeText": null,
                                    "productBadge": null
                                },
                                {
                                    "index": 21,
                                    "productId": "21184842_EA",
                                    "productImage": [
                                        {
                                            "imageUrl": "https://assets.shop.loblaws.ca/products/21184842/b2/en/front/21184842_front_a06_@2.png",
                                            "smallUrl": "https://assets.shop.loblaws.ca/products/21184842/b1/en/front/21184842_front_a01_@2.png",
                                            "mediumUrl": "https://assets.shop.loblaws.ca/products/21184842/b3/en/front/21184842_front_a06_@2.png",
                                            "largeUrl": "https://assets.shop.loblaws.ca/products/21184842/b2/en/front/21184842_front_a06_@2.png",
                                            "smallRetinaUrl": "https://assets.shop.loblaws.ca/products/21184842/b1/en/front/21184842_front_a01_@2.png",
                                            "mediumRetinaUrl": "https://assets.shop.loblaws.ca/products/21184842/b3/en/front/21184842_front_a06_@2.png",
                                            "largeRetinaUrl": "https://assets.shop.loblaws.ca/products/21184842/b2/en/front/21184842_front_a06_@2.png"
                                        },
                                        {
                                            "imageUrl": "https://assets.shop.loblaws.ca/products/21184842/b2/en/angle/21184842_angle_a06_@2.png",
                                            "smallUrl": "https://assets.shop.loblaws.ca/products/21184842/b1/en/angle/21184842_angle_a01_@2.png",
                                            "mediumUrl": "https://assets.shop.loblaws.ca/products/21184842/b3/en/angle/21184842_angle_a06_@2.png",
                                            "largeUrl": "https://assets.shop.loblaws.ca/products/21184842/b2/en/angle/21184842_angle_a06_@2.png",
                                            "smallRetinaUrl": "https://assets.shop.loblaws.ca/products/21184842/b1/en/angle/21184842_angle_a01_@2.png",
                                            "mediumRetinaUrl": "https://assets.shop.loblaws.ca/products/21184842/b3/en/angle/21184842_angle_a06_@2.png",
                                            "largeRetinaUrl": "https://assets.shop.loblaws.ca/products/21184842/b2/en/angle/21184842_angle_a06_@2.png"
                                        }
                                    ],
                                    "brand": "President's Choice",
                                    "title": "Fresh Poultry Herb Blend",
                                    "description": "<p><p>Fresh Poultry Herb Blend makes marinating chicken breasts quick and easy. The ingredients include Italian parsley, rosemary, thyme, and sage for a fresh and powerful taste.</p></p>",
                                    "packageSizing": "28 g",
                                    "pricing": {
                                        "price": "2.99",
                                        "wasPrice": null,
                                        "displayPrice": "$2.99",
                                        "memberOnlyPrice": null,
                                        "mopDisplayPrice": null
                                    },
                                    "pricingUnits": {
                                        "type": "SOLD_BY_EACH",
                                        "unit": "ea",
                                        "interval": 1,
                                        "minOrderQuantity": 1,
                                        "maxOrderQuantity": 25,
                                        "weighted": false
                                    },
                                    "deal": null,
                                    "mopDeal": null,
                                    "pcoDeal": null,
                                    "inventoryIndicator": {
                                        "indicatorId": "OUT",
                                        "text": "Out of Stock"
                                    },
                                    "offerType": "OG",
                                    "offerId": "OG",
                                    "action": null,
                                    "isVariant": false,
                                    "link": "/fresh-poultry-herb-blend/p/21184842_EA",
                                    "productVendor": null,
                                    "productVariant": null,
                                    "textBadge": "out-of-stock",
                                    "variantTheme": null,
                                    "articleNumber": "21184842",
                                    "uom": "EA",
                                    "sponsoredCreative": null,
                                    "isSponsored": false,
                                    "isComplementarySponsored": false,
                                    "complementarySponsoredBadgeText": null,
                                    "productBadge": null
                                },
                                {
                                    "index": 22,
                                    "productId": "21507087_EA",
                                    "productImage": [
                                        {
                                            "imageUrl": "https://assets.shop.loblaws.ca/products/21507087/b2/en/front/21507087_front_a06_@2.png",
                                            "smallUrl": "https://assets.shop.loblaws.ca/products/21507087/b1/en/front/21507087_front_a01_@2.png",
                                            "mediumUrl": "https://assets.shop.loblaws.ca/products/21507087/b3/en/front/21507087_front_a06_@2.png",
                                            "largeUrl": "https://assets.shop.loblaws.ca/products/21507087/b2/en/front/21507087_front_a06_@2.png",
                                            "smallRetinaUrl": "https://assets.shop.loblaws.ca/products/21507087/b1/en/front/21507087_front_a01_@2.png",
                                            "mediumRetinaUrl": "https://assets.shop.loblaws.ca/products/21507087/b3/en/front/21507087_front_a06_@2.png",
                                            "largeRetinaUrl": "https://assets.shop.loblaws.ca/products/21507087/b2/en/front/21507087_front_a06_@2.png"
                                        }
                                    ],
                                    "brand": "Gourmet Garden",
                                    "title": "Paste Garlic",
                                    "description": "Treat weeknight meals to a makeover with Gourmet Garden Garlic Stir-In Paste. Each tube has 23 cloves of garlic packed inside washed, peeled and chopped on the chunky side for those that like a little texture with garlics signature punch. Harvested when essential oils are at their peak, our garlic paste is at its best flavour, colour and aroma when it reaches your familys table. Use it at the beginning of cooking to create a sweet, garlicky base. Add it at the end traditionally garlic bread, marinades and sauces for a deeper, more pungent flavour. Store refrigerated for up to three months.",
                                    "packageSizing": "80 g, $7.49/100g",
                                    "pricing": {
                                        "price": "5.99",
                                        "wasPrice": null,
                                        "displayPrice": "$5.99",
                                        "memberOnlyPrice": null,
                                        "mopDisplayPrice": null
                                    },
                                    "pricingUnits": {
                                        "type": "SOLD_BY_EACH",
                                        "unit": "ea",
                                        "interval": 1,
                                        "minOrderQuantity": 1,
                                        "maxOrderQuantity": 25,
                                        "weighted": false
                                    },
                                    "deal": null,
                                    "mopDeal": null,
                                    "pcoDeal": null,
                                    "inventoryIndicator": null,
                                    "offerType": "OG",
                                    "offerId": "OG",
                                    "action": null,
                                    "isVariant": false,
                                    "link": "/paste-garlic/p/21507087_EA",
                                    "productVendor": null,
                                    "productVariant": null,
                                    "textBadge": "",
                                    "variantTheme": null,
                                    "articleNumber": "21507087",
                                    "uom": "EA",
                                    "sponsoredCreative": null,
                                    "isSponsored": false,
                                    "isComplementarySponsored": false,
                                    "complementarySponsoredBadgeText": null,
                                    "productBadge": null
                                },
                                {
                                    "index": 23,
                                    "productId": "21184886_EA",
                                    "productImage": [
                                        {
                                            "imageUrl": "https://assets.shop.loblaws.ca/products/21184886/b2/en/front/21184886_front_a06_@2.png",
                                            "smallUrl": "https://assets.shop.loblaws.ca/products/21184886/b1/en/front/21184886_front_a01_@2.png",
                                            "mediumUrl": "https://assets.shop.loblaws.ca/products/21184886/b3/en/front/21184886_front_a06_@2.png",
                                            "largeUrl": "https://assets.shop.loblaws.ca/products/21184886/b2/en/front/21184886_front_a06_@2.png",
                                            "smallRetinaUrl": "https://assets.shop.loblaws.ca/products/21184886/b1/en/front/21184886_front_a01_@2.png",
                                            "mediumRetinaUrl": "https://assets.shop.loblaws.ca/products/21184886/b3/en/front/21184886_front_a06_@2.png",
                                            "largeRetinaUrl": "https://assets.shop.loblaws.ca/products/21184886/b2/en/front/21184886_front_a06_@2.png"
                                        }
                                    ],
                                    "brand": "President's Choice",
                                    "title": "Tarragon",
                                    "description": null,
                                    "packageSizing": "28 g",
                                    "pricing": {
                                        "price": "2.99",
                                        "wasPrice": null,
                                        "displayPrice": "$2.99",
                                        "memberOnlyPrice": null,
                                        "mopDisplayPrice": null
                                    },
                                    "pricingUnits": {
                                        "type": "SOLD_BY_EACH",
                                        "unit": "ea",
                                        "interval": 1,
                                        "minOrderQuantity": 1,
                                        "maxOrderQuantity": 25,
                                        "weighted": false
                                    },
                                    "deal": null,
                                    "mopDeal": null,
                                    "pcoDeal": null,
                                    "inventoryIndicator": {
                                        "indicatorId": "OUT",
                                        "text": "Out of Stock"
                                    },
                                    "offerType": "OG",
                                    "offerId": "OG",
                                    "action": null,
                                    "isVariant": false,
                                    "link": "/tarragon/p/21184886_EA",
                                    "productVendor": null,
                                    "productVariant": null,
                                    "textBadge": "out-of-stock",
                                    "variantTheme": null,
                                    "articleNumber": "21184886",
                                    "uom": "EA",
                                    "sponsoredCreative": null,
                                    "isSponsored": false,
                                    "isComplementarySponsored": false,
                                    "complementarySponsoredBadgeText": null,
                                    "productBadge": null
                                },
                                {
                                    "index": 24,
                                    "productId": "21435302_EA",
                                    "productImage": [
                                        {
                                            "imageUrl": "https://assets.shop.loblaws.ca/products/21435302/b2/en/front/21435302_front_a06_@2.png",
                                            "smallUrl": "https://assets.shop.loblaws.ca/products/21435302/b1/en/front/21435302_front_a01_@2.png",
                                            "mediumUrl": "https://assets.shop.loblaws.ca/products/21435302/b3/en/front/21435302_front_a06_@2.png",
                                            "largeUrl": "https://assets.shop.loblaws.ca/products/21435302/b2/en/front/21435302_front_a06_@2.png",
                                            "smallRetinaUrl": "https://assets.shop.loblaws.ca/products/21435302/b1/en/front/21435302_front_a01_@2.png",
                                            "mediumRetinaUrl": "https://assets.shop.loblaws.ca/products/21435302/b3/en/front/21435302_front_a06_@2.png",
                                            "largeRetinaUrl": "https://assets.shop.loblaws.ca/products/21435302/b2/en/front/21435302_front_a06_@2.png"
                                        },
                                        {
                                            "imageUrl": "https://assets.shop.loblaws.ca/products/21435302/b2/en/angle/21435302_angle_a06_@2.png",
                                            "smallUrl": "https://assets.shop.loblaws.ca/products/21435302/b1/en/angle/21435302_angle_a01_@2.png",
                                            "mediumUrl": "https://assets.shop.loblaws.ca/products/21435302/b3/en/angle/21435302_angle_a06_@2.png",
                                            "largeUrl": "https://assets.shop.loblaws.ca/products/21435302/b2/en/angle/21435302_angle_a06_@2.png",
                                            "smallRetinaUrl": "https://assets.shop.loblaws.ca/products/21435302/b1/en/angle/21435302_angle_a01_@2.png",
                                            "mediumRetinaUrl": "https://assets.shop.loblaws.ca/products/21435302/b3/en/angle/21435302_angle_a06_@2.png",
                                            "largeRetinaUrl": "https://assets.shop.loblaws.ca/products/21435302/b2/en/angle/21435302_angle_a06_@2.png"
                                        }
                                    ],
                                    "brand": "PC Organics",
                                    "title": "Cilantro",
                                    "description": "<p></p><p>Add fresh, aromatic, and citrusy flavours to your favourite dishes with Organics Cilantro. Just add a sprig to your soups and curries, or bake it into your bread for a delicious taste.</p><p></p>",
                                    "packageSizing": "20 g, $14.95/100g",
                                    "pricing": {
                                        "price": "2.99",
                                        "wasPrice": null,
                                        "displayPrice": "$2.99",
                                        "memberOnlyPrice": null,
                                        "mopDisplayPrice": null
                                    },
                                    "pricingUnits": {
                                        "type": "SOLD_BY_EACH",
                                        "unit": "ea",
                                        "interval": 1,
                                        "minOrderQuantity": 1,
                                        "maxOrderQuantity": 25,
                                        "weighted": false
                                    },
                                    "deal": null,
                                    "mopDeal": null,
                                    "pcoDeal": null,
                                    "inventoryIndicator": {
                                        "indicatorId": "OUT",
                                        "text": "Out of Stock"
                                    },
                                    "offerType": "OG",
                                    "offerId": "OG",
                                    "action": null,
                                    "isVariant": false,
                                    "link": "/cilantro/p/21435302_EA",
                                    "productVendor": null,
                                    "productVariant": null,
                                    "textBadge": "out-of-stock",
                                    "variantTheme": null,
                                    "articleNumber": "21435302",
                                    "uom": "EA",
                                    "sponsoredCreative": null,
                                    "isSponsored": false,
                                    "isComplementarySponsored": false,
                                    "complementarySponsoredBadgeText": null,
                                    "productBadge": {
                                        "badgeId": "NEW",
                                        "badgeClass": null,
                                        "text": "New"
                                    }
                                },
                                {
                                    "index": 25,
                                    "productId": "21507077_EA",
                                    "productImage": [
                                        {
                                            "imageUrl": "https://assets.shop.loblaws.ca/products/21507077/b2/en/front/21507077_front_a06_@2.png",
                                            "smallUrl": "https://assets.shop.loblaws.ca/products/21507077/b1/en/front/21507077_front_a01_@2.png",
                                            "mediumUrl": "https://assets.shop.loblaws.ca/products/21507077/b3/en/front/21507077_front_a06_@2.png",
                                            "largeUrl": "https://assets.shop.loblaws.ca/products/21507077/b2/en/front/21507077_front_a06_@2.png",
                                            "smallRetinaUrl": "https://assets.shop.loblaws.ca/products/21507077/b1/en/front/21507077_front_a01_@2.png",
                                            "mediumRetinaUrl": "https://assets.shop.loblaws.ca/products/21507077/b3/en/front/21507077_front_a06_@2.png",
                                            "largeRetinaUrl": "https://assets.shop.loblaws.ca/products/21507077/b2/en/front/21507077_front_a06_@2.png"
                                        }
                                    ],
                                    "brand": "Gourmet Garden",
                                    "title": "Paste Basil",
                                    "description": "With three bunches of sweet basil in every tube of Gourmet Garden Basil Stir-In Paste, you know its got to be good. Harvested when essential oils are at their peak, our basil paste is as its best flavour, colour and aroma when it reaches your familys table. Best of all? Its already been washed, chopped and packaged in a re-useable squeeze tube for you, lasting up to three months once opened and refrigerated. All you need to do is stir it into your favourite meals and recipes!",
                                    "packageSizing": "80 g, $7.49/100g",
                                    "pricing": {
                                        "price": "5.99",
                                        "wasPrice": null,
                                        "displayPrice": "$5.99",
                                        "memberOnlyPrice": null,
                                        "mopDisplayPrice": null
                                    },
                                    "pricingUnits": {
                                        "type": "SOLD_BY_EACH",
                                        "unit": "ea",
                                        "interval": 1,
                                        "minOrderQuantity": 1,
                                        "maxOrderQuantity": 25,
                                        "weighted": false
                                    },
                                    "deal": null,
                                    "mopDeal": null,
                                    "pcoDeal": null,
                                    "inventoryIndicator": null,
                                    "offerType": "OG",
                                    "offerId": "OG",
                                    "action": null,
                                    "isVariant": false,
                                    "link": "/paste-basil/p/21507077_EA",
                                    "productVendor": null,
                                    "productVariant": null,
                                    "textBadge": "",
                                    "variantTheme": null,
                                    "articleNumber": "21507077",
                                    "uom": "EA",
                                    "sponsoredCreative": null,
                                    "isSponsored": false,
                                    "isComplementarySponsored": false,
                                    "complementarySponsoredBadgeText": null,
                                    "productBadge": null
                                },
                                {
                                    "index": 26,
                                    "productId": "21435303_EA",
                                    "productImage": [
                                        {
                                            "imageUrl": "https://assets.shop.loblaws.ca/products/21435303/b2/en/front/21435303_front_a06_@2.png",
                                            "smallUrl": "https://assets.shop.loblaws.ca/products/21435303/b1/en/front/21435303_front_a01_@2.png",
                                            "mediumUrl": "https://assets.shop.loblaws.ca/products/21435303/b3/en/front/21435303_front_a06_@2.png",
                                            "largeUrl": "https://assets.shop.loblaws.ca/products/21435303/b2/en/front/21435303_front_a06_@2.png",
                                            "smallRetinaUrl": "https://assets.shop.loblaws.ca/products/21435303/b1/en/front/21435303_front_a01_@2.png",
                                            "mediumRetinaUrl": "https://assets.shop.loblaws.ca/products/21435303/b3/en/front/21435303_front_a06_@2.png",
                                            "largeRetinaUrl": "https://assets.shop.loblaws.ca/products/21435303/b2/en/front/21435303_front_a06_@2.png"
                                        },
                                        {
                                            "imageUrl": "https://assets.shop.loblaws.ca/products/21435303/b2/en/angle/21435303_angle_a06_@2.png",
                                            "smallUrl": "https://assets.shop.loblaws.ca/products/21435303/b1/en/angle/21435303_angle_a01_@2.png",
                                            "mediumUrl": "https://assets.shop.loblaws.ca/products/21435303/b3/en/angle/21435303_angle_a06_@2.png",
                                            "largeUrl": "https://assets.shop.loblaws.ca/products/21435303/b2/en/angle/21435303_angle_a06_@2.png",
                                            "smallRetinaUrl": "https://assets.shop.loblaws.ca/products/21435303/b1/en/angle/21435303_angle_a01_@2.png",
                                            "mediumRetinaUrl": "https://assets.shop.loblaws.ca/products/21435303/b3/en/angle/21435303_angle_a06_@2.png",
                                            "largeRetinaUrl": "https://assets.shop.loblaws.ca/products/21435303/b2/en/angle/21435303_angle_a06_@2.png"
                                        }
                                    ],
                                    "brand": "PC Organics",
                                    "title": "Dill",
                                    "description": "<p></p><p>Stock your fridge with Organics Dill to enhance your favourite salads, dips, and spreads. Use this fresh and earthy herb as a garnish with seafood and poultry dishes.</p><p></p>",
                                    "packageSizing": "20 g",
                                    "pricing": {
                                        "price": "2.99",
                                        "wasPrice": null,
                                        "displayPrice": "$2.99",
                                        "memberOnlyPrice": null,
                                        "mopDisplayPrice": null
                                    },
                                    "pricingUnits": {
                                        "type": "SOLD_BY_EACH",
                                        "unit": "ea",
                                        "interval": 1,
                                        "minOrderQuantity": 1,
                                        "maxOrderQuantity": 25,
                                        "weighted": false
                                    },
                                    "deal": null,
                                    "mopDeal": null,
                                    "pcoDeal": null,
                                    "inventoryIndicator": {
                                        "indicatorId": "LOW",
                                        "text": "Low Stock"
                                    },
                                    "offerType": "OG",
                                    "offerId": "OG",
                                    "action": null,
                                    "isVariant": false,
                                    "link": "/dill/p/21435303_EA",
                                    "productVendor": null,
                                    "productVariant": null,
                                    "textBadge": "low-inventory",
                                    "variantTheme": null,
                                    "articleNumber": "21435303",
                                    "uom": "EA",
                                    "sponsoredCreative": null,
                                    "isSponsored": false,
                                    "isComplementarySponsored": false,
                                    "complementarySponsoredBadgeText": null,
                                    "productBadge": {
                                        "badgeId": "NEW",
                                        "badgeClass": null,
                                        "text": "New"
                                    }
                                },
                                {
                                    "index": 27,
                                    "productId": "21004700_EA",
                                    "productImage": [
                                        {
                                            "imageUrl": "https://assets.shop.loblaws.ca/products/21004700/b2/en/front/21004700_front_a06_@2.png",
                                            "smallUrl": "https://assets.shop.loblaws.ca/products/21004700/b1/en/front/21004700_front_a01_@2.png",
                                            "mediumUrl": "https://assets.shop.loblaws.ca/products/21004700/b3/en/front/21004700_front_a06_@2.png",
                                            "largeUrl": "https://assets.shop.loblaws.ca/products/21004700/b2/en/front/21004700_front_a06_@2.png",
                                            "smallRetinaUrl": "https://assets.shop.loblaws.ca/products/21004700/b1/en/front/21004700_front_a01_@2.png",
                                            "mediumRetinaUrl": "https://assets.shop.loblaws.ca/products/21004700/b3/en/front/21004700_front_a06_@2.png",
                                            "largeRetinaUrl": "https://assets.shop.loblaws.ca/products/21004700/b2/en/front/21004700_front_a06_@2.png"
                                        }
                                    ],
                                    "brand": "Gourmet Garden",
                                    "title": "Lightly Dried Cilantro",
                                    "description": "Gourmet Garden Lightly Dried Cilantro is simply a large bunch of fresh organically grown Cilantro, harvested when essential oils are at their peak, and then washed, lightly dried (just enough) and chopped to last up to 4 weeks once opened. (Store it right in the handy click 'n stack bowl!) Because it is only lightly dried it refreshes in cooking, giving you the closest flavour, appearance and aroma to that of fresh herbs...without the wilt guilt.",
                                    "packageSizing": "10 g, $59.90/100g",
                                    "pricing": {
                                        "price": "5.99",
                                        "wasPrice": null,
                                        "displayPrice": "$5.99",
                                        "memberOnlyPrice": null,
                                        "mopDisplayPrice": null
                                    },
                                    "pricingUnits": {
                                        "type": "SOLD_BY_EACH",
                                        "unit": "ea",
                                        "interval": 1,
                                        "minOrderQuantity": 1,
                                        "maxOrderQuantity": 25,
                                        "weighted": false
                                    },
                                    "deal": null,
                                    "mopDeal": null,
                                    "pcoDeal": null,
                                    "inventoryIndicator": {
                                        "indicatorId": "LOW",
                                        "text": "Low Stock"
                                    },
                                    "offerType": "OG",
                                    "offerId": "OG",
                                    "action": null,
                                    "isVariant": false,
                                    "link": "/lightly-dried-cilantro/p/21004700_EA",
                                    "productVendor": null,
                                    "productVariant": null,
                                    "textBadge": "low-inventory",
                                    "variantTheme": null,
                                    "articleNumber": "21004700",
                                    "uom": "EA",
                                    "sponsoredCreative": null,
                                    "isSponsored": false,
                                    "isComplementarySponsored": false,
                                    "complementarySponsoredBadgeText": null,
                                    "productBadge": null
                                },
                                {
                                    "index": 28,
                                    "productId": "21507494_EA",
                                    "productImage": [
                                        {
                                            "imageUrl": "https://assets.shop.loblaws.ca/products/21507494/b2/en/front/21507494_front_a06_@2.png",
                                            "smallUrl": "https://assets.shop.loblaws.ca/products/21507494/b1/en/front/21507494_front_a01_@2.png",
                                            "mediumUrl": "https://assets.shop.loblaws.ca/products/21507494/b3/en/front/21507494_front_a06_@2.png",
                                            "largeUrl": "https://assets.shop.loblaws.ca/products/21507494/b2/en/front/21507494_front_a06_@2.png",
                                            "smallRetinaUrl": "https://assets.shop.loblaws.ca/products/21507494/b1/en/front/21507494_front_a01_@2.png",
                                            "mediumRetinaUrl": "https://assets.shop.loblaws.ca/products/21507494/b3/en/front/21507494_front_a06_@2.png",
                                            "largeRetinaUrl": "https://assets.shop.loblaws.ca/products/21507494/b2/en/front/21507494_front_a06_@2.png"
                                        }
                                    ],
                                    "brand": "Gourmet Garden",
                                    "title": "Paste Lemongrass",
                                    "description": "Find endless flavour inspiration with Gourmet Garden Lemongrass Stir-In Paste. Its a quick and easy alternative to crushing and chopping fresh lemongrass. Every tube of lemongrass paste contains six stalks of organically grown lemongrass, harvested when essential oils are at their peak for the best flavour, colour and aroma when it reaches your familys table. Reach for a tube to inspire earthy, lemony flavour in both sweet and savory dishes. Best added in the middle of cooking, it can be stored refrigerated for up to three months.",
                                    "packageSizing": "80 g, $7.49/100g",
                                    "pricing": {
                                        "price": "5.99",
                                        "wasPrice": null,
                                        "displayPrice": "$5.99",
                                        "memberOnlyPrice": null,
                                        "mopDisplayPrice": null
                                    },
                                    "pricingUnits": {
                                        "type": "SOLD_BY_EACH",
                                        "unit": "ea",
                                        "interval": 1,
                                        "minOrderQuantity": 1,
                                        "maxOrderQuantity": 25,
                                        "weighted": false
                                    },
                                    "deal": null,
                                    "mopDeal": null,
                                    "pcoDeal": null,
                                    "inventoryIndicator": {
                                        "indicatorId": "LOW",
                                        "text": "Low Stock"
                                    },
                                    "offerType": "OG",
                                    "offerId": "OG",
                                    "action": null,
                                    "isVariant": false,
                                    "link": "/paste-lemongrass/p/21507494_EA",
                                    "productVendor": null,
                                    "productVariant": null,
                                    "textBadge": "low-inventory",
                                    "variantTheme": null,
                                    "articleNumber": "21507494",
                                    "uom": "EA",
                                    "sponsoredCreative": null,
                                    "isSponsored": false,
                                    "isComplementarySponsored": false,
                                    "complementarySponsoredBadgeText": null,
                                    "productBadge": null
                                },
                                {
                                    "index": 29,
                                    "productId": "21507126_EA",
                                    "productImage": [
                                        {
                                            "imageUrl": "https://assets.shop.loblaws.ca/products/21507126/b2/en/front/21507126_front_a06_@2.png",
                                            "smallUrl": "https://assets.shop.loblaws.ca/products/21507126/b1/en/front/21507126_front_a01_@2.png",
                                            "mediumUrl": "https://assets.shop.loblaws.ca/products/21507126/b3/en/front/21507126_front_a06_@2.png",
                                            "largeUrl": "https://assets.shop.loblaws.ca/products/21507126/b2/en/front/21507126_front_a06_@2.png",
                                            "smallRetinaUrl": "https://assets.shop.loblaws.ca/products/21507126/b1/en/front/21507126_front_a01_@2.png",
                                            "mediumRetinaUrl": "https://assets.shop.loblaws.ca/products/21507126/b3/en/front/21507126_front_a06_@2.png",
                                            "largeRetinaUrl": "https://assets.shop.loblaws.ca/products/21507126/b2/en/front/21507126_front_a06_@2.png"
                                        }
                                    ],
                                    "brand": "Gourmet Garden",
                                    "title": "Paste Cilantro",
                                    "description": "Whether you're whipping up a Mexican feast or intimate Indian meal for two, the clean, crisp flavour of Gourmet Garden Cilantro Stir-In Paste is a must. Each tube is packed with three bunches of cilantro that has been washed and chopped to save you time and effort. Harvested when essential oils are at their peak, our cilantro paste is at its best flavour, colour and aroma when it reaches your family's table. Try adding it at the end of cooking to burritos, curries, salsas, rice and marinades. All done? Store refrigerated for weeks until the next adventure.",
                                    "packageSizing": "80 g, $7.49/100g",
                                    "pricing": {
                                        "price": "5.99",
                                        "wasPrice": null,
                                        "displayPrice": "$5.99",
                                        "memberOnlyPrice": null,
                                        "mopDisplayPrice": null
                                    },
                                    "pricingUnits": {
                                        "type": "SOLD_BY_EACH",
                                        "unit": "ea",
                                        "interval": 1,
                                        "minOrderQuantity": 1,
                                        "maxOrderQuantity": 25,
                                        "weighted": false
                                    },
                                    "deal": null,
                                    "mopDeal": null,
                                    "pcoDeal": null,
                                    "inventoryIndicator": null,
                                    "offerType": "OG",
                                    "offerId": "OG",
                                    "action": null,
                                    "isVariant": false,
                                    "link": "/paste-cilantro/p/21507126_EA",
                                    "productVendor": null,
                                    "productVariant": null,
                                    "textBadge": "",
                                    "variantTheme": null,
                                    "articleNumber": "21507126",
                                    "uom": "EA",
                                    "sponsoredCreative": null,
                                    "isSponsored": false,
                                    "isComplementarySponsored": false,
                                    "complementarySponsoredBadgeText": null,
                                    "productBadge": null
                                },
                                {
                                    "index": 30,
                                    "productId": "21004586_EA",
                                    "productImage": [
                                        {
                                            "imageUrl": "https://assets.shop.loblaws.ca/products/21004586/b2/en/front/21004586_front_a06_@2.png",
                                            "smallUrl": "https://assets.shop.loblaws.ca/products/21004586/b1/en/front/21004586_front_a01_@2.png",
                                            "mediumUrl": "https://assets.shop.loblaws.ca/products/21004586/b3/en/front/21004586_front_a06_@2.png",
                                            "largeUrl": "https://assets.shop.loblaws.ca/products/21004586/b2/en/front/21004586_front_a06_@2.png",
                                            "smallRetinaUrl": "https://assets.shop.loblaws.ca/products/21004586/b1/en/front/21004586_front_a01_@2.png",
                                            "mediumRetinaUrl": "https://assets.shop.loblaws.ca/products/21004586/b3/en/front/21004586_front_a06_@2.png",
                                            "largeRetinaUrl": "https://assets.shop.loblaws.ca/products/21004586/b2/en/front/21004586_front_a06_@2.png"
                                        }
                                    ],
                                    "brand": "Gourmet Garden",
                                    "title": "Lightly Dried Parsley",
                                    "description": "Gourmet Garden Lightly Dried Parsley is simply a large bunch of fresh parsley, harvested when essential oils are at peak freshness, and then washed, lightly dried (just enough) and chopped to to last up to 4 weeks once opened. (Store it right in the handy click 'n stack bowl!) Because it is only lightly dried it refreshes in cooking, giving you the closest flavour, appearance and aroma to that of fresh herbs... without the wilt guilt.",
                                    "packageSizing": "10 g, $59.90/100g",
                                    "pricing": {
                                        "price": "5.99",
                                        "wasPrice": null,
                                        "displayPrice": "$5.99",
                                        "memberOnlyPrice": null,
                                        "mopDisplayPrice": null
                                    },
                                    "pricingUnits": {
                                        "type": "SOLD_BY_EACH",
                                        "unit": "ea",
                                        "interval": 1,
                                        "minOrderQuantity": 1,
                                        "maxOrderQuantity": 25,
                                        "weighted": false
                                    },
                                    "deal": null,
                                    "mopDeal": null,
                                    "pcoDeal": null,
                                    "inventoryIndicator": null,
                                    "offerType": "OG",
                                    "offerId": "OG",
                                    "action": null,
                                    "isVariant": false,
                                    "link": "/lightly-dried-parsley/p/21004586_EA",
                                    "productVendor": null,
                                    "productVariant": null,
                                    "textBadge": "",
                                    "variantTheme": null,
                                    "articleNumber": "21004586",
                                    "uom": "EA",
                                    "sponsoredCreative": null,
                                    "isSponsored": false,
                                    "isComplementarySponsored": false,
                                    "complementarySponsoredBadgeText": null,
                                    "productBadge": null
                                },
                                {
                                    "index": 31,
                                    "productId": "21004692_EA",
                                    "productImage": [
                                        {
                                            "imageUrl": "https://assets.shop.loblaws.ca/products/21004692/b2/en/front/21004692_front_a06_@2.png",
                                            "smallUrl": "https://assets.shop.loblaws.ca/products/21004692/b1/en/front/21004692_front_a01_@2.png",
                                            "mediumUrl": "https://assets.shop.loblaws.ca/products/21004692/b3/en/front/21004692_front_a06_@2.png",
                                            "largeUrl": "https://assets.shop.loblaws.ca/products/21004692/b2/en/front/21004692_front_a06_@2.png",
                                            "smallRetinaUrl": "https://assets.shop.loblaws.ca/products/21004692/b1/en/front/21004692_front_a01_@2.png",
                                            "mediumRetinaUrl": "https://assets.shop.loblaws.ca/products/21004692/b3/en/front/21004692_front_a06_@2.png",
                                            "largeRetinaUrl": "https://assets.shop.loblaws.ca/products/21004692/b2/en/front/21004692_front_a06_@2.png"
                                        }
                                    ],
                                    "brand": "Gourmet Garden",
                                    "title": "Lightly Dried Basil",
                                    "description": "Gourmet Garden Lightly Dried Basil is simply a large bunch of fresh basil, that has been harvested when essential oils are at their peak, then lightly washed, dried (just enough) and chopped to last up to 4 weeks once opened. (Store it right in the handy click 'n stack bowl!) Because it is only lightly dried it refreshes in cooking, giving you the closest flavour, appearance and aroma to that of fresh herbs...without the wilt guilt.",
                                    "packageSizing": "12 g, $49.92/100g",
                                    "pricing": {
                                        "price": "5.99",
                                        "wasPrice": null,
                                        "displayPrice": "$5.99",
                                        "memberOnlyPrice": null,
                                        "mopDisplayPrice": null
                                    },
                                    "pricingUnits": {
                                        "type": "SOLD_BY_EACH",
                                        "unit": "ea",
                                        "interval": 1,
                                        "minOrderQuantity": 1,
                                        "maxOrderQuantity": 25,
                                        "weighted": false
                                    },
                                    "deal": null,
                                    "mopDeal": null,
                                    "pcoDeal": null,
                                    "inventoryIndicator": null,
                                    "offerType": "OG",
                                    "offerId": "OG",
                                    "action": null,
                                    "isVariant": false,
                                    "link": "/lightly-dried-basil/p/21004692_EA",
                                    "productVendor": null,
                                    "productVariant": null,
                                    "textBadge": "",
                                    "variantTheme": null,
                                    "articleNumber": "21004692",
                                    "uom": "EA",
                                    "sponsoredCreative": null,
                                    "isSponsored": false,
                                    "isComplementarySponsored": false,
                                    "complementarySponsoredBadgeText": null,
                                    "productBadge": null
                                },
                                {
                                    "index": 32,
                                    "productId": "21507080_EA",
                                    "productImage": [
                                        {
                                            "imageUrl": "https://assets.shop.loblaws.ca/products/21507080/b2/en/front/21507080_front_a06_@2.png",
                                            "smallUrl": "https://assets.shop.loblaws.ca/products/21507080/b1/en/front/21507080_front_a01_@2.png",
                                            "mediumUrl": "https://assets.shop.loblaws.ca/products/21507080/b3/en/front/21507080_front_a06_@2.png",
                                            "largeUrl": "https://assets.shop.loblaws.ca/products/21507080/b2/en/front/21507080_front_a06_@2.png",
                                            "smallRetinaUrl": "https://assets.shop.loblaws.ca/products/21507080/b1/en/front/21507080_front_a01_@2.png",
                                            "mediumRetinaUrl": "https://assets.shop.loblaws.ca/products/21507080/b3/en/front/21507080_front_a06_@2.png",
                                            "largeRetinaUrl": "https://assets.shop.loblaws.ca/products/21507080/b2/en/front/21507080_front_a06_@2.png"
                                        }
                                    ],
                                    "brand": "Gourmet Garden",
                                    "title": "Paste Chunky Garlic",
                                    "description": "Gourmet Garden Chunky Garlic Stir-In Paste is made for garlic lovers who make sure they always have their favorite herb on-hand.It\u2019s an easy way to add bold, savory flavor and chunky garlic texture to your meals. Packed inside each squeezable tube is garlic that\u2019s been peeled and coarsely chopped to deliver its signature punch. Our garlic paste is at its best flavor, color and aroma when it reaches your table. Use it at the beginning of cooking to create a sweet, garlicky base. Add it at the end \u2013 traditionally garlic bread, marinades and sauces \u2013 for a deeper, more pungent flavor. Use 1 teaspoon of paste in place of 1 medium garlic clove. Store refrigerated for weeks after opening.",
                                    "packageSizing": "80 g, $7.49/100g",
                                    "pricing": {
                                        "price": "5.99",
                                        "wasPrice": null,
                                        "displayPrice": "$5.99",
                                        "memberOnlyPrice": null,
                                        "mopDisplayPrice": null
                                    },
                                    "pricingUnits": {
                                        "type": "SOLD_BY_EACH",
                                        "unit": "ea",
                                        "interval": 1,
                                        "minOrderQuantity": 1,
                                        "maxOrderQuantity": 25,
                                        "weighted": false
                                    },
                                    "deal": null,
                                    "mopDeal": null,
                                    "pcoDeal": null,
                                    "inventoryIndicator": {
                                        "indicatorId": "LOW",
                                        "text": "Low Stock"
                                    },
                                    "offerType": "OG",
                                    "offerId": "OG",
                                    "action": null,
                                    "isVariant": false,
                                    "link": "/paste-chunky-garlic/p/21507080_EA",
                                    "productVendor": null,
                                    "productVariant": null,
                                    "textBadge": "low-inventory",
                                    "variantTheme": null,
                                    "articleNumber": "21507080",
                                    "uom": "EA",
                                    "sponsoredCreative": null,
                                    "isSponsored": false,
                                    "isComplementarySponsored": false,
                                    "complementarySponsoredBadgeText": null,
                                    "productBadge": null
                                },
                                {
                                    "index": 33,
                                    "productId": "21212483_EA",
                                    "productImage": [
                                        {
                                            "imageUrl": "https://assets.shop.loblaws.ca/products/21212483/b2/en/front/21212483_front_a06_@2.png",
                                            "smallUrl": "https://assets.shop.loblaws.ca/products/21212483/b1/en/front/21212483_front_a01_@2.png",
                                            "mediumUrl": "https://assets.shop.loblaws.ca/products/21212483/b3/en/front/21212483_front_a06_@2.png",
                                            "largeUrl": "https://assets.shop.loblaws.ca/products/21212483/b2/en/front/21212483_front_a06_@2.png",
                                            "smallRetinaUrl": "https://assets.shop.loblaws.ca/products/21212483/b1/en/front/21212483_front_a01_@2.png",
                                            "mediumRetinaUrl": "https://assets.shop.loblaws.ca/products/21212483/b3/en/front/21212483_front_a06_@2.png",
                                            "largeRetinaUrl": "https://assets.shop.loblaws.ca/products/21212483/b2/en/front/21212483_front_a06_@2.png"
                                        },
                                        {
                                            "imageUrl": "https://assets.shop.loblaws.ca/products/21212483/b2/en/angle/21212483_angle_a06_@2.png",
                                            "smallUrl": "https://assets.shop.loblaws.ca/products/21212483/b1/en/angle/21212483_angle_a01_@2.png",
                                            "mediumUrl": "https://assets.shop.loblaws.ca/products/21212483/b3/en/angle/21212483_angle_a06_@2.png",
                                            "largeUrl": "https://assets.shop.loblaws.ca/products/21212483/b2/en/angle/21212483_angle_a06_@2.png",
                                            "smallRetinaUrl": "https://assets.shop.loblaws.ca/products/21212483/b1/en/angle/21212483_angle_a01_@2.png",
                                            "mediumRetinaUrl": "https://assets.shop.loblaws.ca/products/21212483/b3/en/angle/21212483_angle_a06_@2.png",
                                            "largeRetinaUrl": "https://assets.shop.loblaws.ca/products/21212483/b2/en/angle/21212483_angle_a06_@2.png"
                                        }
                                    ],
                                    "brand": "President's Choice",
                                    "title": "Fresh Mint",
                                    "description": "<p><p>Stock up on a refreshing herb with Fresh Mint. Add a sprig to salads or create fresh and delicious cocktails, sparkling mint lemonade, and more. Wash well before using.</p></p>",
                                    "packageSizing": "80 g",
                                    "pricing": {
                                        "price": "4.49",
                                        "wasPrice": null,
                                        "displayPrice": "$4.49",
                                        "memberOnlyPrice": null,
                                        "mopDisplayPrice": null
                                    },
                                    "pricingUnits": {
                                        "type": "SOLD_BY_EACH",
                                        "unit": "ea",
                                        "interval": 1,
                                        "minOrderQuantity": 1,
                                        "maxOrderQuantity": 25,
                                        "weighted": false
                                    },
                                    "deal": null,
                                    "mopDeal": null,
                                    "pcoDeal": null,
                                    "inventoryIndicator": {
                                        "indicatorId": "OUT",
                                        "text": "Out of Stock"
                                    },
                                    "offerType": "OG",
                                    "offerId": "OG",
                                    "action": null,
                                    "isVariant": false,
                                    "link": "/fresh-mint/p/21212483_EA",
                                    "productVendor": null,
                                    "productVariant": null,
                                    "textBadge": "out-of-stock",
                                    "variantTheme": null,
                                    "articleNumber": "21212483",
                                    "uom": "EA",
                                    "sponsoredCreative": null,
                                    "isSponsored": false,
                                    "isComplementarySponsored": false,
                                    "complementarySponsoredBadgeText": null,
                                    "productBadge": null
                                },
                                {
                                    "index": 34,
                                    "productId": "21212481_EA",
                                    "productImage": [
                                        {
                                            "imageUrl": "https://assets.shop.loblaws.ca/products/21212481/b2/en/front/21212481_front_a06_@2.png",
                                            "smallUrl": "https://assets.shop.loblaws.ca/products/21212481/b1/en/front/21212481_front_a01_@2.png",
                                            "mediumUrl": "https://assets.shop.loblaws.ca/products/21212481/b3/en/front/21212481_front_a06_@2.png",
                                            "largeUrl": "https://assets.shop.loblaws.ca/products/21212481/b2/en/front/21212481_front_a06_@2.png",
                                            "smallRetinaUrl": "https://assets.shop.loblaws.ca/products/21212481/b1/en/front/21212481_front_a01_@2.png",
                                            "mediumRetinaUrl": "https://assets.shop.loblaws.ca/products/21212481/b3/en/front/21212481_front_a06_@2.png",
                                            "largeRetinaUrl": "https://assets.shop.loblaws.ca/products/21212481/b2/en/front/21212481_front_a06_@2.png"
                                        }
                                    ],
                                    "brand": "President's Choice",
                                    "title": "Bay Leaf",
                                    "description": null,
                                    "packageSizing": "28 g",
                                    "pricing": {
                                        "price": "2.99",
                                        "wasPrice": null,
                                        "displayPrice": "$2.99",
                                        "memberOnlyPrice": null,
                                        "mopDisplayPrice": null
                                    },
                                    "pricingUnits": {
                                        "type": "SOLD_BY_EACH",
                                        "unit": "ea",
                                        "interval": 1,
                                        "minOrderQuantity": 1,
                                        "maxOrderQuantity": 25,
                                        "weighted": false
                                    },
                                    "deal": null,
                                    "mopDeal": null,
                                    "pcoDeal": null,
                                    "inventoryIndicator": {
                                        "indicatorId": "OUT",
                                        "text": "Out of Stock"
                                    },
                                    "offerType": "OG",
                                    "offerId": "OG",
                                    "action": null,
                                    "isVariant": false,
                                    "link": "/bay-leaf/p/21212481_EA",
                                    "productVendor": null,
                                    "productVariant": null,
                                    "textBadge": "out-of-stock",
                                    "variantTheme": null,
                                    "articleNumber": "21212481",
                                    "uom": "EA",
                                    "sponsoredCreative": null,
                                    "isSponsored": false,
                                    "isComplementarySponsored": false,
                                    "complementarySponsoredBadgeText": null,
                                    "productBadge": null
                                },
                                {
                                    "index": 35,
                                    "productId": "21092739_EA",
                                    "productImage": [
                                        {
                                            "imageUrl": "https://assets.shop.loblaws.ca/products/21092739/b2/en/front/21092739_front_a06_@2.png",
                                            "smallUrl": "https://assets.shop.loblaws.ca/products/21092739/b1/en/front/21092739_front_a01_@2.png",
                                            "mediumUrl": "https://assets.shop.loblaws.ca/products/21092739/b3/en/front/21092739_front_a06_@2.png",
                                            "largeUrl": "https://assets.shop.loblaws.ca/products/21092739/b2/en/front/21092739_front_a06_@2.png",
                                            "smallRetinaUrl": "https://assets.shop.loblaws.ca/products/21092739/b1/en/front/21092739_front_a01_@2.png",
                                            "mediumRetinaUrl": "https://assets.shop.loblaws.ca/products/21092739/b3/en/front/21092739_front_a06_@2.png",
                                            "largeRetinaUrl": "https://assets.shop.loblaws.ca/products/21092739/b2/en/front/21092739_front_a06_@2.png"
                                        },
                                        {
                                            "imageUrl": "https://assets.shop.loblaws.ca/products/21092739/b2/en/angle/21092739_angle_a06_@2.png",
                                            "smallUrl": "https://assets.shop.loblaws.ca/products/21092739/b1/en/angle/21092739_angle_a01_@2.png",
                                            "mediumUrl": "https://assets.shop.loblaws.ca/products/21092739/b3/en/angle/21092739_angle_a06_@2.png",
                                            "largeUrl": "https://assets.shop.loblaws.ca/products/21092739/b2/en/angle/21092739_angle_a06_@2.png",
                                            "smallRetinaUrl": "https://assets.shop.loblaws.ca/products/21092739/b1/en/angle/21092739_angle_a01_@2.png",
                                            "mediumRetinaUrl": "https://assets.shop.loblaws.ca/products/21092739/b3/en/angle/21092739_angle_a06_@2.png",
                                            "largeRetinaUrl": "https://assets.shop.loblaws.ca/products/21092739/b2/en/angle/21092739_angle_a06_@2.png"
                                        },
                                        {
                                            "imageUrl": "https://assets.shop.loblaws.ca/products/21092739/b2/en/side/21092739_side_a06_@2.png",
                                            "smallUrl": "https://assets.shop.loblaws.ca/products/21092739/b1/en/side/21092739_side_a01_@2.png",
                                            "mediumUrl": "https://assets.shop.loblaws.ca/products/21092739/b3/en/side/21092739_side_a06_@2.png",
                                            "largeUrl": "https://assets.shop.loblaws.ca/products/21092739/b2/en/side/21092739_side_a06_@2.png",
                                            "smallRetinaUrl": "https://assets.shop.loblaws.ca/products/21092739/b1/en/side/21092739_side_a01_@2.png",
                                            "mediumRetinaUrl": "https://assets.shop.loblaws.ca/products/21092739/b3/en/side/21092739_side_a06_@2.png",
                                            "largeRetinaUrl": "https://assets.shop.loblaws.ca/products/21092739/b2/en/side/21092739_side_a06_@2.png"
                                        }
                                    ],
                                    "brand": null,
                                    "title": "Fresh Mint, 4\" Pot",
                                    "description": null,
                                    "packageSizing": "1 ea, $4.99/1ea",
                                    "pricing": {
                                        "price": "4.99",
                                        "wasPrice": null,
                                        "displayPrice": "$4.99",
                                        "memberOnlyPrice": null,
                                        "mopDisplayPrice": null
                                    },
                                    "pricingUnits": {
                                        "type": "SOLD_BY_EACH",
                                        "unit": "ea",
                                        "interval": 1,
                                        "minOrderQuantity": 1,
                                        "maxOrderQuantity": 25,
                                        "weighted": false
                                    },
                                    "deal": null,
                                    "mopDeal": null,
                                    "pcoDeal": null,
                                    "inventoryIndicator": {
                                        "indicatorId": "OUT",
                                        "text": "Out of Stock"
                                    },
                                    "offerType": "OG",
                                    "offerId": "OG",
                                    "action": null,
                                    "isVariant": false,
                                    "link": "/fresh-mint-4-pot/p/21092739_EA",
                                    "productVendor": null,
                                    "productVariant": null,
                                    "textBadge": "out-of-stock",
                                    "variantTheme": null,
                                    "articleNumber": "21092739",
                                    "uom": "EA",
                                    "sponsoredCreative": null,
                                    "isSponsored": false,
                                    "isComplementarySponsored": false,
                                    "complementarySponsoredBadgeText": null,
                                    "productBadge": null
                                },
                                {
                                    "index": 36,
                                    "productId": "20595121001_EA",
                                    "productImage": [
                                        {
                                            "imageUrl": "https://assets.shop.loblaws.ca/products/20595121001/b2/en/front/20595121001_front_a06_@2.png",
                                            "smallUrl": "https://assets.shop.loblaws.ca/products/20595121001/b1/en/front/20595121001_front_a01_@2.png",
                                            "mediumUrl": "https://assets.shop.loblaws.ca/products/20595121001/b3/en/front/20595121001_front_a06_@2.png",
                                            "largeUrl": "https://assets.shop.loblaws.ca/products/20595121001/b2/en/front/20595121001_front_a06_@2.png",
                                            "smallRetinaUrl": "https://assets.shop.loblaws.ca/products/20595121001/b1/en/front/20595121001_front_a01_@2.png",
                                            "mediumRetinaUrl": "https://assets.shop.loblaws.ca/products/20595121001/b3/en/front/20595121001_front_a06_@2.png",
                                            "largeRetinaUrl": "https://assets.shop.loblaws.ca/products/20595121001/b2/en/front/20595121001_front_a06_@2.png"
                                        }
                                    ],
                                    "brand": null,
                                    "title": "Organic Italian Parsley",
                                    "description": "Italian (or flat-leaf) parsley is a popular herb with flat, bright green leaves and a stronger, sweeter flavour than curly leaf parsley. Use fresh as a garnish or in salads, or make parsley pesto and serve with pasta, poultry, or vegetables.",
                                    "packageSizing": "1 bunch, $3.99/1ea",
                                    "pricing": {
                                        "price": "3.99",
                                        "wasPrice": null,
                                        "displayPrice": "$3.99",
                                        "memberOnlyPrice": null,
                                        "mopDisplayPrice": null
                                    },
                                    "pricingUnits": {
                                        "type": "SOLD_BY_EACH",
                                        "unit": "ea",
                                        "interval": 1,
                                        "minOrderQuantity": 1,
                                        "maxOrderQuantity": 25,
                                        "weighted": false
                                    },
                                    "deal": null,
                                    "mopDeal": null,
                                    "pcoDeal": null,
                                    "inventoryIndicator": {
                                        "indicatorId": "OUT",
                                        "text": "Out of Stock"
                                    },
                                    "offerType": "OG",
                                    "offerId": "OG",
                                    "action": null,
                                    "isVariant": false,
                                    "link": "/organic-italian-parsley/p/20595121001_EA",
                                    "productVendor": null,
                                    "productVariant": null,
                                    "textBadge": "out-of-stock",
                                    "variantTheme": null,
                                    "articleNumber": "20595121001",
                                    "uom": "EA",
                                    "sponsoredCreative": null,
                                    "isSponsored": false,
                                    "isComplementarySponsored": false,
                                    "complementarySponsoredBadgeText": null,
                                    "productBadge": null
                                },
                                {
                                    "index": 37,
                                    "productId": "21507117_EA",
                                    "productImage": [
                                        {
                                            "imageUrl": "https://assets.shop.loblaws.ca/products/21507117/b2/en/front/21507117_front_a06_@2.png",
                                            "smallUrl": "https://assets.shop.loblaws.ca/products/21507117/b1/en/front/21507117_front_a01_@2.png",
                                            "mediumUrl": "https://assets.shop.loblaws.ca/products/21507117/b3/en/front/21507117_front_a06_@2.png",
                                            "largeUrl": "https://assets.shop.loblaws.ca/products/21507117/b2/en/front/21507117_front_a06_@2.png",
                                            "smallRetinaUrl": "https://assets.shop.loblaws.ca/products/21507117/b1/en/front/21507117_front_a01_@2.png",
                                            "mediumRetinaUrl": "https://assets.shop.loblaws.ca/products/21507117/b3/en/front/21507117_front_a06_@2.png",
                                            "largeRetinaUrl": "https://assets.shop.loblaws.ca/products/21507117/b2/en/front/21507117_front_a06_@2.png"
                                        }
                                    ],
                                    "brand": "Gourmet Garden",
                                    "title": "Paste Italian Herbs",
                                    "description": "Put the pasta water on to boil! One squeeze of Gourmet Garden Italian Herbs Stir-In Paste and you\u2019ll be making Italian every night. No prep necessary \u2013 the herbs are ready to add classic Italian flavor to your dishes. Each squeezable tube features fresh herbs \u2013 basil, oregano and parsley \u2013with the best flavor, color and aroma when it reaches your family\u2019s table. Add Italian herbs at the end of your cooking for robust Mediterranean flavor in everything from pasta and pizza to dressings, meatballs and more. Use 1 tablespoon of paste in place of 1 tablespoon of fresh herbs. Store refrigerated for weeks after opening.",
                                    "packageSizing": "80 g, $7.49/100g",
                                    "pricing": {
                                        "price": "5.99",
                                        "wasPrice": null,
                                        "displayPrice": "$5.99",
                                        "memberOnlyPrice": null,
                                        "mopDisplayPrice": null
                                    },
                                    "pricingUnits": {
                                        "type": "SOLD_BY_EACH",
                                        "unit": "ea",
                                        "interval": 1,
                                        "minOrderQuantity": 1,
                                        "maxOrderQuantity": 25,
                                        "weighted": false
                                    },
                                    "deal": null,
                                    "mopDeal": null,
                                    "pcoDeal": null,
                                    "inventoryIndicator": {
                                        "indicatorId": "OUT",
                                        "text": "Out of Stock"
                                    },
                                    "offerType": "OG",
                                    "offerId": "OG",
                                    "action": null,
                                    "isVariant": false,
                                    "link": "/paste-italian-herbs/p/21507117_EA",
                                    "productVendor": null,
                                    "productVariant": null,
                                    "textBadge": "out-of-stock",
                                    "variantTheme": null,
                                    "articleNumber": "21507117",
                                    "uom": "EA",
                                    "sponsoredCreative": null,
                                    "isSponsored": false,
                                    "isComplementarySponsored": false,
                                    "complementarySponsoredBadgeText": null,
                                    "productBadge": null
                                },
                                {
                                    "index": 38,
                                    "productId": "21507125_EA",
                                    "productImage": [
                                        {
                                            "imageUrl": "https://assets.shop.loblaws.ca/products/21507125/b2/en/front/21507125_front_a06_@2.png",
                                            "smallUrl": "https://assets.shop.loblaws.ca/products/21507125/b1/en/front/21507125_front_a01_@2.png",
                                            "mediumUrl": "https://assets.shop.loblaws.ca/products/21507125/b3/en/front/21507125_front_a06_@2.png",
                                            "largeUrl": "https://assets.shop.loblaws.ca/products/21507125/b2/en/front/21507125_front_a06_@2.png",
                                            "smallRetinaUrl": "https://assets.shop.loblaws.ca/products/21507125/b1/en/front/21507125_front_a01_@2.png",
                                            "mediumRetinaUrl": "https://assets.shop.loblaws.ca/products/21507125/b3/en/front/21507125_front_a06_@2.png",
                                            "largeRetinaUrl": "https://assets.shop.loblaws.ca/products/21507125/b2/en/front/21507125_front_a06_@2.png"
                                        }
                                    ],
                                    "brand": "Gourmet Garden",
                                    "title": "Paste Thai Seasoning",
                                    "description": "Skip takeout tonight. Gourmet Garden Thai Seasoning Stir-In Paste is the perfect blend of cilantro, ginger, lemongrass and chili pepper that allows you to whip up Thai-inspired meals in minutes. Each herb and spice in this blend is as its best flavour, color and aroma when it reaches your family\u2019s table. No prep necessary \u2013 the cilantro, ginger, lemongrass and chili pepper are finely chopped and packaged in a convenient squeeze tube. This seasoning paste is a must-have for adding authentic Thai flavor to your dishes \u2013 simply stir in, rub on or marinate in everything from soups, salads and rice to beef, chicken, seafood and stir-fries. Store refrigerated for weeks after opening",
                                    "packageSizing": "80 g, $7.49/100g",
                                    "pricing": {
                                        "price": "5.99",
                                        "wasPrice": null,
                                        "displayPrice": "$5.99",
                                        "memberOnlyPrice": null,
                                        "mopDisplayPrice": null
                                    },
                                    "pricingUnits": {
                                        "type": "SOLD_BY_EACH",
                                        "unit": "ea",
                                        "interval": 1,
                                        "minOrderQuantity": 1,
                                        "maxOrderQuantity": 25,
                                        "weighted": false
                                    },
                                    "deal": null,
                                    "mopDeal": null,
                                    "pcoDeal": null,
                                    "inventoryIndicator": {
                                        "indicatorId": "OUT",
                                        "text": "Out of Stock"
                                    },
                                    "offerType": "OG",
                                    "offerId": "OG",
                                    "action": null,
                                    "isVariant": false,
                                    "link": "/paste-thai-seasoning/p/21507125_EA",
                                    "productVendor": null,
                                    "productVariant": null,
                                    "textBadge": "out-of-stock",
                                    "variantTheme": null,
                                    "articleNumber": "21507125",
                                    "uom": "EA",
                                    "sponsoredCreative": null,
                                    "isSponsored": false,
                                    "isComplementarySponsored": false,
                                    "complementarySponsoredBadgeText": null,
                                    "productBadge": null
                                },
                                {
                                    "index": 39,
                                    "productId": "21092738_EA",
                                    "productImage": [
                                        {
                                            "imageUrl": "https://assets.shop.loblaws.ca/products/21092738/b2/en/front/21092738_front_a06_@2.png",
                                            "smallUrl": "https://assets.shop.loblaws.ca/products/21092738/b1/en/front/21092738_front_a01_@2.png",
                                            "mediumUrl": "https://assets.shop.loblaws.ca/products/21092738/b3/en/front/21092738_front_a06_@2.png",
                                            "largeUrl": "https://assets.shop.loblaws.ca/products/21092738/b2/en/front/21092738_front_a06_@2.png",
                                            "smallRetinaUrl": "https://assets.shop.loblaws.ca/products/21092738/b1/en/front/21092738_front_a01_@2.png",
                                            "mediumRetinaUrl": "https://assets.shop.loblaws.ca/products/21092738/b3/en/front/21092738_front_a06_@2.png",
                                            "largeRetinaUrl": "https://assets.shop.loblaws.ca/products/21092738/b2/en/front/21092738_front_a06_@2.png"
                                        },
                                        {
                                            "imageUrl": "https://assets.shop.loblaws.ca/products/21092738/b2/en/angle/21092738_angle_a06_@2.png",
                                            "smallUrl": "https://assets.shop.loblaws.ca/products/21092738/b1/en/angle/21092738_angle_a01_@2.png",
                                            "mediumUrl": "https://assets.shop.loblaws.ca/products/21092738/b3/en/angle/21092738_angle_a06_@2.png",
                                            "largeUrl": "https://assets.shop.loblaws.ca/products/21092738/b2/en/angle/21092738_angle_a06_@2.png",
                                            "smallRetinaUrl": "https://assets.shop.loblaws.ca/products/21092738/b1/en/angle/21092738_angle_a01_@2.png",
                                            "mediumRetinaUrl": "https://assets.shop.loblaws.ca/products/21092738/b3/en/angle/21092738_angle_a06_@2.png",
                                            "largeRetinaUrl": "https://assets.shop.loblaws.ca/products/21092738/b2/en/angle/21092738_angle_a06_@2.png"
                                        },
                                        {
                                            "imageUrl": "https://assets.shop.loblaws.ca/products/21092738/b2/en/side/21092738_side_a06_@2.png",
                                            "smallUrl": "https://assets.shop.loblaws.ca/products/21092738/b1/en/side/21092738_side_a01_@2.png",
                                            "mediumUrl": "https://assets.shop.loblaws.ca/products/21092738/b3/en/side/21092738_side_a06_@2.png",
                                            "largeUrl": "https://assets.shop.loblaws.ca/products/21092738/b2/en/side/21092738_side_a06_@2.png",
                                            "smallRetinaUrl": "https://assets.shop.loblaws.ca/products/21092738/b1/en/side/21092738_side_a01_@2.png",
                                            "mediumRetinaUrl": "https://assets.shop.loblaws.ca/products/21092738/b3/en/side/21092738_side_a06_@2.png",
                                            "largeRetinaUrl": "https://assets.shop.loblaws.ca/products/21092738/b2/en/side/21092738_side_a06_@2.png"
                                        }
                                    ],
                                    "brand": null,
                                    "title": "Fresh Thyme, 4\" Pot",
                                    "description": null,
                                    "packageSizing": "1 ea, $4.99/1ea",
                                    "pricing": {
                                        "price": "4.99",
                                        "wasPrice": null,
                                        "displayPrice": "$4.99",
                                        "memberOnlyPrice": null,
                                        "mopDisplayPrice": null
                                    },
                                    "pricingUnits": {
                                        "type": "SOLD_BY_EACH",
                                        "unit": "ea",
                                        "interval": 1,
                                        "minOrderQuantity": 1,
                                        "maxOrderQuantity": 25,
                                        "weighted": false
                                    },
                                    "deal": null,
                                    "mopDeal": null,
                                    "pcoDeal": null,
                                    "inventoryIndicator": {
                                        "indicatorId": "OUT",
                                        "text": "Out of Stock"
                                    },
                                    "offerType": "OG",
                                    "offerId": "OG",
                                    "action": null,
                                    "isVariant": false,
                                    "link": "/fresh-thyme-4-pot/p/21092738_EA",
                                    "productVendor": null,
                                    "productVariant": null,
                                    "textBadge": "out-of-stock",
                                    "variantTheme": null,
                                    "articleNumber": "21092738",
                                    "uom": "EA",
                                    "sponsoredCreative": null,
                                    "isSponsored": false,
                                    "isComplementarySponsored": false,
                                    "complementarySponsoredBadgeText": null,
                                    "productBadge": null
                                },
                                {
                                    "index": 40,
                                    "productId": "21187228_EA",
                                    "productImage": [],
                                    "brand": null,
                                    "title": "Ham Blend 6\" Org Herb Pot",
                                    "description": null,
                                    "packageSizing": "1 ea, $6.99/1ea",
                                    "pricing": {
                                        "price": "6.99",
                                        "wasPrice": null,
                                        "displayPrice": "$6.99",
                                        "memberOnlyPrice": null,
                                        "mopDisplayPrice": null
                                    },
                                    "pricingUnits": {
                                        "type": "SOLD_BY_EACH",
                                        "unit": "ea",
                                        "interval": 1,
                                        "minOrderQuantity": 1,
                                        "maxOrderQuantity": 25,
                                        "weighted": false
                                    },
                                    "deal": null,
                                    "mopDeal": null,
                                    "pcoDeal": null,
                                    "inventoryIndicator": {
                                        "indicatorId": "OUT",
                                        "text": "Out of Stock"
                                    },
                                    "offerType": "OG",
                                    "offerId": "OG",
                                    "action": null,
                                    "isVariant": false,
                                    "link": "/ham-blend-6-org-herb-pot/p/21187228_EA",
                                    "productVendor": null,
                                    "productVariant": null,
                                    "textBadge": "out-of-stock",
                                    "variantTheme": null,
                                    "articleNumber": "21187228",
                                    "uom": "EA",
                                    "sponsoredCreative": null,
                                    "isSponsored": false,
                                    "isComplementarySponsored": false,
                                    "complementarySponsoredBadgeText": null,
                                    "productBadge": null
                                },
                                {
                                    "index": 41,
                                    "productId": "21212482_EA",
                                    "productImage": [
                                        {
                                            "imageUrl": "https://assets.shop.loblaws.ca/products/21212482/b2/en/front/21212482_front_a06_@2.png",
                                            "smallUrl": "https://assets.shop.loblaws.ca/products/21212482/b1/en/front/21212482_front_a01_@2.png",
                                            "mediumUrl": "https://assets.shop.loblaws.ca/products/21212482/b3/en/front/21212482_front_a06_@2.png",
                                            "largeUrl": "https://assets.shop.loblaws.ca/products/21212482/b2/en/front/21212482_front_a06_@2.png",
                                            "smallRetinaUrl": "https://assets.shop.loblaws.ca/products/21212482/b1/en/front/21212482_front_a01_@2.png",
                                            "mediumRetinaUrl": "https://assets.shop.loblaws.ca/products/21212482/b3/en/front/21212482_front_a06_@2.png",
                                            "largeRetinaUrl": "https://assets.shop.loblaws.ca/products/21212482/b2/en/front/21212482_front_a06_@2.png"
                                        }
                                    ],
                                    "brand": "President's Choice",
                                    "title": "Savory",
                                    "description": null,
                                    "packageSizing": "28 g",
                                    "pricing": {
                                        "price": "2.99",
                                        "wasPrice": null,
                                        "displayPrice": "$2.99",
                                        "memberOnlyPrice": null,
                                        "mopDisplayPrice": null
                                    },
                                    "pricingUnits": {
                                        "type": "SOLD_BY_EACH",
                                        "unit": "ea",
                                        "interval": 1,
                                        "minOrderQuantity": 1,
                                        "maxOrderQuantity": 25,
                                        "weighted": false
                                    },
                                    "deal": null,
                                    "mopDeal": null,
                                    "pcoDeal": null,
                                    "inventoryIndicator": {
                                        "indicatorId": "OUT",
                                        "text": "Out of Stock"
                                    },
                                    "offerType": "OG",
                                    "offerId": "OG",
                                    "action": null,
                                    "isVariant": false,
                                    "link": "/savory/p/21212482_EA",
                                    "productVendor": null,
                                    "productVariant": null,
                                    "textBadge": "out-of-stock",
                                    "variantTheme": null,
                                    "articleNumber": "21212482",
                                    "uom": "EA",
                                    "sponsoredCreative": null,
                                    "isSponsored": false,
                                    "isComplementarySponsored": false,
                                    "complementarySponsoredBadgeText": null,
                                    "productBadge": null
                                },
                                {
                                    "index": 42,
                                    "productId": "20431303_EA",
                                    "productImage": [
                                        {
                                            "imageUrl": "https://assets.shop.loblaws.ca/products/20431303/b2/en/front/20431303_front_a06_@2.png",
                                            "smallUrl": "https://assets.shop.loblaws.ca/products/20431303/b1/en/front/20431303_front_a01_@2.png",
                                            "mediumUrl": "https://assets.shop.loblaws.ca/products/20431303/b3/en/front/20431303_front_a06_@2.png",
                                            "largeUrl": "https://assets.shop.loblaws.ca/products/20431303/b2/en/front/20431303_front_a06_@2.png",
                                            "smallRetinaUrl": "https://assets.shop.loblaws.ca/products/20431303/b1/en/front/20431303_front_a01_@2.png",
                                            "mediumRetinaUrl": "https://assets.shop.loblaws.ca/products/20431303/b3/en/front/20431303_front_a06_@2.png",
                                            "largeRetinaUrl": "https://assets.shop.loblaws.ca/products/20431303/b2/en/front/20431303_front_a06_@2.png"
                                        }
                                    ],
                                    "brand": null,
                                    "title": "Organic Dill, Fresh",
                                    "description": "Dill has feathery green leaves called dill weed and a distinctive flavour and fragrance that is quite different from its dried form, dill seed. Fresh dill is used in both raw and cooked dishes. Use finely chopped dill in potato salad and deviled eggs, or as seasoning for baked salmon and roasted carrots.",
                                    "packageSizing": "1 bunch, $4.99/1ea",
                                    "pricing": {
                                        "price": "4.99",
                                        "wasPrice": null,
                                        "displayPrice": "$4.99",
                                        "memberOnlyPrice": null,
                                        "mopDisplayPrice": null
                                    },
                                    "pricingUnits": {
                                        "type": "SOLD_BY_EACH",
                                        "unit": "ea",
                                        "interval": 1,
                                        "minOrderQuantity": 1,
                                        "maxOrderQuantity": 25,
                                        "weighted": false
                                    },
                                    "deal": null,
                                    "mopDeal": null,
                                    "pcoDeal": null,
                                    "inventoryIndicator": {
                                        "indicatorId": "OUT",
                                        "text": "Out of Stock"
                                    },
                                    "offerType": "OG",
                                    "offerId": "OG",
                                    "action": null,
                                    "isVariant": false,
                                    "link": "/organic-dill-fresh/p/20431303_EA",
                                    "productVendor": null,
                                    "productVariant": null,
                                    "textBadge": "out-of-stock",
                                    "variantTheme": null,
                                    "articleNumber": "20431303",
                                    "uom": "EA",
                                    "sponsoredCreative": null,
                                    "isSponsored": false,
                                    "isComplementarySponsored": false,
                                    "complementarySponsoredBadgeText": null,
                                    "productBadge": null
                                },
                                {
                                    "index": 43,
                                    "productId": "21004691_EA",
                                    "productImage": [
                                        {
                                            "imageUrl": "https://assets.shop.loblaws.ca/products/21004691/b2/en/front/21004691_front_a06_@2.png",
                                            "smallUrl": "https://assets.shop.loblaws.ca/products/21004691/b1/en/front/21004691_front_a01_@2.png",
                                            "mediumUrl": "https://assets.shop.loblaws.ca/products/21004691/b3/en/front/21004691_front_a06_@2.png",
                                            "largeUrl": "https://assets.shop.loblaws.ca/products/21004691/b2/en/front/21004691_front_a06_@2.png",
                                            "smallRetinaUrl": "https://assets.shop.loblaws.ca/products/21004691/b1/en/front/21004691_front_a01_@2.png",
                                            "mediumRetinaUrl": "https://assets.shop.loblaws.ca/products/21004691/b3/en/front/21004691_front_a06_@2.png",
                                            "largeRetinaUrl": "https://assets.shop.loblaws.ca/products/21004691/b2/en/front/21004691_front_a06_@2.png"
                                        }
                                    ],
                                    "brand": "Gourmet Garden",
                                    "title": "Lightly Dried, Ginger Bowl",
                                    "description": "Ginger that has been lightly dried (just enough) to last for 4 weeks once opened. Refreshes in cooking<br><br>Herbs spices",
                                    "packageSizing": "220 g, $27.23/100g",
                                    "pricing": {
                                        "price": "5.99",
                                        "wasPrice": null,
                                        "displayPrice": "$5.99",
                                        "memberOnlyPrice": null,
                                        "mopDisplayPrice": null
                                    },
                                    "pricingUnits": {
                                        "type": "SOLD_BY_EACH",
                                        "unit": "ea",
                                        "interval": 1,
                                        "minOrderQuantity": 1,
                                        "maxOrderQuantity": 25,
                                        "weighted": false
                                    },
                                    "deal": null,
                                    "mopDeal": null,
                                    "pcoDeal": null,
                                    "inventoryIndicator": {
                                        "indicatorId": "OUT",
                                        "text": "Out of Stock"
                                    },
                                    "offerType": "OG",
                                    "offerId": "OG",
                                    "action": null,
                                    "isVariant": false,
                                    "link": "/lightly-dried-ginger-bowl/p/21004691_EA",
                                    "productVendor": null,
                                    "productVariant": null,
                                    "textBadge": "out-of-stock",
                                    "variantTheme": null,
                                    "articleNumber": "21004691",
                                    "uom": "EA",
                                    "sponsoredCreative": null,
                                    "isSponsored": false,
                                    "isComplementarySponsored": false,
                                    "complementarySponsoredBadgeText": null,
                                    "productBadge": null
                                },
                                {
                                    "index": 44,
                                    "productId": "20591187001_EA",
                                    "productImage": [
                                        {
                                            "imageUrl": "https://assets.shop.loblaws.ca/products/20591187001/b2/en/front/20591187001_front_a06_@2.png",
                                            "smallUrl": "https://assets.shop.loblaws.ca/products/20591187001/b1/en/front/20591187001_front_a01_@2.png",
                                            "mediumUrl": "https://assets.shop.loblaws.ca/products/20591187001/b3/en/front/20591187001_front_a06_@2.png",
                                            "largeUrl": "https://assets.shop.loblaws.ca/products/20591187001/b2/en/front/20591187001_front_a06_@2.png",
                                            "smallRetinaUrl": "https://assets.shop.loblaws.ca/products/20591187001/b1/en/front/20591187001_front_a01_@2.png",
                                            "mediumRetinaUrl": "https://assets.shop.loblaws.ca/products/20591187001/b3/en/front/20591187001_front_a06_@2.png",
                                            "largeRetinaUrl": "https://assets.shop.loblaws.ca/products/20591187001/b2/en/front/20591187001_front_a06_@2.png"
                                        }
                                    ],
                                    "brand": null,
                                    "title": "Organic Curly Parsley",
                                    "description": "Curly leaf parsley is a popular herb with bright green leaves and a mild, fresh flavour. Use as a garnish or to add flavour to salads, or make parsley pesto and serve with pasta, poultry, or vegetables.",
                                    "packageSizing": "1 bunch, $399.00/100ea",
                                    "pricing": {
                                        "price": "3.99",
                                        "wasPrice": null,
                                        "displayPrice": "$3.99",
                                        "memberOnlyPrice": null,
                                        "mopDisplayPrice": null
                                    },
                                    "pricingUnits": {
                                        "type": "SOLD_BY_EACH",
                                        "unit": "ea",
                                        "interval": 1,
                                        "minOrderQuantity": 1,
                                        "maxOrderQuantity": 25,
                                        "weighted": false
                                    },
                                    "deal": null,
                                    "mopDeal": null,
                                    "pcoDeal": null,
                                    "inventoryIndicator": {
                                        "indicatorId": "OUT",
                                        "text": "Out of Stock"
                                    },
                                    "offerType": "OG",
                                    "offerId": "OG",
                                    "action": null,
                                    "isVariant": false,
                                    "link": "/organic-curly-parsley/p/20591187001_EA",
                                    "productVendor": null,
                                    "productVariant": null,
                                    "textBadge": "out-of-stock",
                                    "variantTheme": null,
                                    "articleNumber": "20591187001",
                                    "uom": "EA",
                                    "sponsoredCreative": null,
                                    "isSponsored": false,
                                    "isComplementarySponsored": false,
                                    "complementarySponsoredBadgeText": null,
                                    "productBadge": null
                                },
                                {
                                    "index": 45,
                                    "productId": "21184831_EA",
                                    "productImage": [
                                        {
                                            "imageUrl": "https://assets.shop.loblaws.ca/products/21184831/b2/en/front/21184831_front_a06_@2.png",
                                            "smallUrl": "https://assets.shop.loblaws.ca/products/21184831/b1/en/front/21184831_front_a01_@2.png",
                                            "mediumUrl": "https://assets.shop.loblaws.ca/products/21184831/b3/en/front/21184831_front_a06_@2.png",
                                            "largeUrl": "https://assets.shop.loblaws.ca/products/21184831/b2/en/front/21184831_front_a06_@2.png",
                                            "smallRetinaUrl": "https://assets.shop.loblaws.ca/products/21184831/b1/en/front/21184831_front_a01_@2.png",
                                            "mediumRetinaUrl": "https://assets.shop.loblaws.ca/products/21184831/b3/en/front/21184831_front_a06_@2.png",
                                            "largeRetinaUrl": "https://assets.shop.loblaws.ca/products/21184831/b2/en/front/21184831_front_a06_@2.png"
                                        }
                                    ],
                                    "brand": "President's Choice",
                                    "title": "Marjoram",
                                    "description": null,
                                    "packageSizing": "28 g",
                                    "pricing": {
                                        "price": "2.99",
                                        "wasPrice": null,
                                        "displayPrice": "$2.99",
                                        "memberOnlyPrice": null,
                                        "mopDisplayPrice": null
                                    },
                                    "pricingUnits": {
                                        "type": "SOLD_BY_EACH",
                                        "unit": "ea",
                                        "interval": 1,
                                        "minOrderQuantity": 1,
                                        "maxOrderQuantity": 25,
                                        "weighted": false
                                    },
                                    "deal": null,
                                    "mopDeal": null,
                                    "pcoDeal": null,
                                    "inventoryIndicator": {
                                        "indicatorId": "OUT",
                                        "text": "Out of Stock"
                                    },
                                    "offerType": "OG",
                                    "offerId": "OG",
                                    "action": null,
                                    "isVariant": false,
                                    "link": "/marjoram/p/21184831_EA",
                                    "productVendor": null,
                                    "productVariant": null,
                                    "textBadge": "out-of-stock",
                                    "variantTheme": null,
                                    "articleNumber": "21184831",
                                    "uom": "EA",
                                    "sponsoredCreative": null,
                                    "isSponsored": false,
                                    "isComplementarySponsored": false,
                                    "complementarySponsoredBadgeText": null,
                                    "productBadge": null
                                },
                                {
                                    "index": 46,
                                    "productId": "21092742_EA",
                                    "productImage": [
                                        {
                                            "imageUrl": "https://assets.shop.loblaws.ca/products/21092742/b2/en/front/21092742_front_a06_@2.png",
                                            "smallUrl": "https://assets.shop.loblaws.ca/products/21092742/b1/en/front/21092742_front_a01_@2.png",
                                            "mediumUrl": "https://assets.shop.loblaws.ca/products/21092742/b3/en/front/21092742_front_a06_@2.png",
                                            "largeUrl": "https://assets.shop.loblaws.ca/products/21092742/b2/en/front/21092742_front_a06_@2.png",
                                            "smallRetinaUrl": "https://assets.shop.loblaws.ca/products/21092742/b1/en/front/21092742_front_a01_@2.png",
                                            "mediumRetinaUrl": "https://assets.shop.loblaws.ca/products/21092742/b3/en/front/21092742_front_a06_@2.png",
                                            "largeRetinaUrl": "https://assets.shop.loblaws.ca/products/21092742/b2/en/front/21092742_front_a06_@2.png"
                                        },
                                        {
                                            "imageUrl": "https://assets.shop.loblaws.ca/products/21092742/b2/en/angle/21092742_angle_a06_@2.png",
                                            "smallUrl": "https://assets.shop.loblaws.ca/products/21092742/b1/en/angle/21092742_angle_a01_@2.png",
                                            "mediumUrl": "https://assets.shop.loblaws.ca/products/21092742/b3/en/angle/21092742_angle_a06_@2.png",
                                            "largeUrl": "https://assets.shop.loblaws.ca/products/21092742/b2/en/angle/21092742_angle_a06_@2.png",
                                            "smallRetinaUrl": "https://assets.shop.loblaws.ca/products/21092742/b1/en/angle/21092742_angle_a01_@2.png",
                                            "mediumRetinaUrl": "https://assets.shop.loblaws.ca/products/21092742/b3/en/angle/21092742_angle_a06_@2.png",
                                            "largeRetinaUrl": "https://assets.shop.loblaws.ca/products/21092742/b2/en/angle/21092742_angle_a06_@2.png"
                                        },
                                        {
                                            "imageUrl": "https://assets.shop.loblaws.ca/products/21092742/b2/en/side/21092742_side_a06_@2.png",
                                            "smallUrl": "https://assets.shop.loblaws.ca/products/21092742/b1/en/side/21092742_side_a01_@2.png",
                                            "mediumUrl": "https://assets.shop.loblaws.ca/products/21092742/b3/en/side/21092742_side_a06_@2.png",
                                            "largeUrl": "https://assets.shop.loblaws.ca/products/21092742/b2/en/side/21092742_side_a06_@2.png",
                                            "smallRetinaUrl": "https://assets.shop.loblaws.ca/products/21092742/b1/en/side/21092742_side_a01_@2.png",
                                            "mediumRetinaUrl": "https://assets.shop.loblaws.ca/products/21092742/b3/en/side/21092742_side_a06_@2.png",
                                            "largeRetinaUrl": "https://assets.shop.loblaws.ca/products/21092742/b2/en/side/21092742_side_a06_@2.png"
                                        }
                                    ],
                                    "brand": null,
                                    "title": "Fresh Rosemary, 4\" Pot",
                                    "description": null,
                                    "packageSizing": "1 ea, $4.99/1ea",
                                    "pricing": {
                                        "price": "4.99",
                                        "wasPrice": null,
                                        "displayPrice": "$4.99",
                                        "memberOnlyPrice": null,
                                        "mopDisplayPrice": null
                                    },
                                    "pricingUnits": {
                                        "type": "SOLD_BY_EACH",
                                        "unit": "ea",
                                        "interval": 1,
                                        "minOrderQuantity": 1,
                                        "maxOrderQuantity": 25,
                                        "weighted": false
                                    },
                                    "deal": null,
                                    "mopDeal": null,
                                    "pcoDeal": null,
                                    "inventoryIndicator": {
                                        "indicatorId": "OUT",
                                        "text": "Out of Stock"
                                    },
                                    "offerType": "OG",
                                    "offerId": "OG",
                                    "action": null,
                                    "isVariant": false,
                                    "link": "/fresh-rosemary-4-pot/p/21092742_EA",
                                    "productVendor": null,
                                    "productVariant": null,
                                    "textBadge": "out-of-stock",
                                    "variantTheme": null,
                                    "articleNumber": "21092742",
                                    "uom": "EA",
                                    "sponsoredCreative": null,
                                    "isSponsored": false,
                                    "isComplementarySponsored": false,
                                    "complementarySponsoredBadgeText": null,
                                    "productBadge": null
                                }
                            ],
                            "analytics": null
                        }
                    },
                    {
                        "componentId": "productCarouselComponent",
                        "contentId": "1W6kNNiCIPCXXnCRQcptEM",
                        "variantId": null,
                        "id": "1W6kNNiCIPCXXnCRQcptEM-28199",
                        "data": {
                            "headline": "Dried Fruits & Nuts",
                            "isSponsored": null,
                            "callToAction": {
                                "text": "Shop all",
                                "url": "/food/fruits-vegetables/dried-fruits-nuts/c/28199"
                            },
                            "headerGroup": null,
                            "productTiles": [
                                {
                                    "index": 1,
                                    "productId": "20940014_EA",
                                    "productImage": [
                                        {
                                            "imageUrl": "https://assets.shop.loblaws.ca/products/20940014/b2/en/front/20940014_front_a06_@2.png",
                                            "smallUrl": "https://assets.shop.loblaws.ca/products/20940014/b1/en/front/20940014_front_a01_@2.png",
                                            "mediumUrl": "https://assets.shop.loblaws.ca/products/20940014/b3/en/front/20940014_front_a06_@2.png",
                                            "largeUrl": "https://assets.shop.loblaws.ca/products/20940014/b2/en/front/20940014_front_a06_@2.png",
                                            "smallRetinaUrl": "https://assets.shop.loblaws.ca/products/20940014/b1/en/front/20940014_front_a01_@2.png",
                                            "mediumRetinaUrl": "https://assets.shop.loblaws.ca/products/20940014/b3/en/front/20940014_front_a06_@2.png",
                                            "largeRetinaUrl": "https://assets.shop.loblaws.ca/products/20940014/b2/en/front/20940014_front_a06_@2.png"
                                        }
                                    ],
                                    "brand": "President's Choice",
                                    "title": "Salted California Pistachios",
                                    "description": "<p>Have you ever dreamed about the ideal pistachio \u2013 or is that just us? Our process starts with fresh, large nuts harvested in the central valley of California where the climate and soil is perfect for growing the best tasting pistachios. Next comes dry-roasting in the shell \u2013 without any oils added. And last comes a touch of sea salt to bring out their slightly sweet, nutty flavour. Put out a bowl \u2013 or pile on antipasto boards and cheese platters. And talk about sensible snacking \u2013 stash some in your gym and work bags, too.</p>",
                                    "packageSizing": "225 g, $2.66/100g",
                                    "pricing": {
                                        "price": "5.99",
                                        "wasPrice": null,
                                        "displayPrice": "$5.99",
                                        "memberOnlyPrice": null,
                                        "mopDisplayPrice": null
                                    },
                                    "pricingUnits": {
                                        "type": "SOLD_BY_EACH",
                                        "unit": "ea",
                                        "interval": 1,
                                        "minOrderQuantity": 1,
                                        "maxOrderQuantity": 25,
                                        "weighted": false
                                    },
                                    "deal": null,
                                    "mopDeal": null,
                                    "pcoDeal": null,
                                    "inventoryIndicator": null,
                                    "offerType": "OG",
                                    "offerId": "OG",
                                    "action": null,
                                    "isVariant": false,
                                    "link": "/salted-california-pistachios/p/20940014_EA",
                                    "productVendor": null,
                                    "productVariant": null,
                                    "textBadge": "",
                                    "variantTheme": null,
                                    "articleNumber": "20940014",
                                    "uom": "EA",
                                    "sponsoredCreative": null,
                                    "isSponsored": false,
                                    "isComplementarySponsored": false,
                                    "complementarySponsoredBadgeText": null,
                                    "productBadge": null
                                },
                                {
                                    "index": 2,
                                    "productId": "20293477_EA",
                                    "productImage": [
                                        {
                                            "imageUrl": "https://assets.shop.loblaws.ca/products/20293477/b2/en/front/20293477_front_a06_@2.png",
                                            "smallUrl": "https://assets.shop.loblaws.ca/products/20293477/b1/en/front/20293477_front_a01_@2.png",
                                            "mediumUrl": "https://assets.shop.loblaws.ca/products/20293477/b3/en/front/20293477_front_a06_@2.png",
                                            "largeUrl": "https://assets.shop.loblaws.ca/products/20293477/b2/en/front/20293477_front_a06_@2.png",
                                            "smallRetinaUrl": "https://assets.shop.loblaws.ca/products/20293477/b1/en/front/20293477_front_a01_@2.png",
                                            "mediumRetinaUrl": "https://assets.shop.loblaws.ca/products/20293477/b3/en/front/20293477_front_a06_@2.png",
                                            "largeRetinaUrl": "https://assets.shop.loblaws.ca/products/20293477/b2/en/front/20293477_front_a06_@2.png"
                                        }
                                    ],
                                    "brand": "No Name",
                                    "title": "Roasted Peanuts In Shell",
                                    "description": "Peanuts are legumes with a strong flavour that lends itself well to both sweet and savoury dishes. Peanuts add flavour to salads, sauces, and stir-fries and can also be added to just about any snack or trail mix recipe. ",
                                    "packageSizing": "2 kg, $0.75/100g",
                                    "pricing": {
                                        "price": "14.99",
                                        "wasPrice": null,
                                        "displayPrice": "$14.99",
                                        "memberOnlyPrice": null,
                                        "mopDisplayPrice": null
                                    },
                                    "pricingUnits": {
                                        "type": "SOLD_BY_EACH",
                                        "unit": "ea",
                                        "interval": 1,
                                        "minOrderQuantity": 1,
                                        "maxOrderQuantity": 25,
                                        "weighted": false
                                    },
                                    "deal": null,
                                    "mopDeal": null,
                                    "pcoDeal": null,
                                    "inventoryIndicator": null,
                                    "offerType": "OG",
                                    "offerId": "OG",
                                    "action": null,
                                    "isVariant": false,
                                    "link": "/roasted-peanuts-in-shell/p/20293477_EA",
                                    "productVendor": null,
                                    "productVariant": null,
                                    "textBadge": "",
                                    "variantTheme": null,
                                    "articleNumber": "20293477",
                                    "uom": "EA",
                                    "sponsoredCreative": null,
                                    "isSponsored": false,
                                    "isComplementarySponsored": false,
                                    "complementarySponsoredBadgeText": null,
                                    "productBadge": null
                                },
                                {
                                    "index": 3,
                                    "productId": "20940332_EA",
                                    "productImage": [
                                        {
                                            "imageUrl": "https://assets.shop.loblaws.ca/products/20940332/b2/en/front/20940332_front_a06_@2.png",
                                            "smallUrl": "https://assets.shop.loblaws.ca/products/20940332/b1/en/front/20940332_front_a01_@2.png",
                                            "mediumUrl": "https://assets.shop.loblaws.ca/products/20940332/b3/en/front/20940332_front_a06_@2.png",
                                            "largeUrl": "https://assets.shop.loblaws.ca/products/20940332/b2/en/front/20940332_front_a06_@2.png",
                                            "smallRetinaUrl": "https://assets.shop.loblaws.ca/products/20940332/b1/en/front/20940332_front_a01_@2.png",
                                            "mediumRetinaUrl": "https://assets.shop.loblaws.ca/products/20940332/b3/en/front/20940332_front_a06_@2.png",
                                            "largeRetinaUrl": "https://assets.shop.loblaws.ca/products/20940332/b2/en/front/20940332_front_a06_@2.png"
                                        }
                                    ],
                                    "brand": "PC Blue Menu",
                                    "title": "Unsalted California Pistachios ",
                                    "description": "You don\u2019t want to give up pistachios \u2013 you just want to give up the salt. No problem. Ours are grown in sunny California, where pistachio trees thrive in the arid, hot weather. After harvesting, these large-size nuts are dry-roasted in the shell \u2013 without any salt or oil added. Problem solved. They\u2019re also high in fibre and a source of iron \u2013 everything you could want in a nutshell. ",
                                    "packageSizing": "225 g, $2.66/100g",
                                    "pricing": {
                                        "price": "5.99",
                                        "wasPrice": null,
                                        "displayPrice": "$5.99",
                                        "memberOnlyPrice": null,
                                        "mopDisplayPrice": null
                                    },
                                    "pricingUnits": {
                                        "type": "SOLD_BY_EACH",
                                        "unit": "ea",
                                        "interval": 1,
                                        "minOrderQuantity": 1,
                                        "maxOrderQuantity": 25,
                                        "weighted": false
                                    },
                                    "deal": null,
                                    "mopDeal": null,
                                    "pcoDeal": null,
                                    "inventoryIndicator": null,
                                    "offerType": "OG",
                                    "offerId": "OG",
                                    "action": null,
                                    "isVariant": false,
                                    "link": "/unsalted-california-pistachios/p/20940332_EA",
                                    "productVendor": null,
                                    "productVariant": null,
                                    "textBadge": "",
                                    "variantTheme": null,
                                    "articleNumber": "20940332",
                                    "uom": "EA",
                                    "sponsoredCreative": null,
                                    "isSponsored": false,
                                    "isComplementarySponsored": false,
                                    "complementarySponsoredBadgeText": null,
                                    "productBadge": null
                                },
                                {
                                    "index": 4,
                                    "productId": "20996039_EA",
                                    "productImage": [
                                        {
                                            "imageUrl": "https://assets.shop.loblaws.ca/products/20996039/b2/en/front/20996039_front_a06_@2.png",
                                            "smallUrl": "https://assets.shop.loblaws.ca/products/20996039/b1/en/front/20996039_front_a01_@2.png",
                                            "mediumUrl": "https://assets.shop.loblaws.ca/products/20996039/b3/en/front/20996039_front_a06_@2.png",
                                            "largeUrl": "https://assets.shop.loblaws.ca/products/20996039/b2/en/front/20996039_front_a06_@2.png",
                                            "smallRetinaUrl": "https://assets.shop.loblaws.ca/products/20996039/b1/en/front/20996039_front_a01_@2.png",
                                            "mediumRetinaUrl": "https://assets.shop.loblaws.ca/products/20996039/b3/en/front/20996039_front_a06_@2.png",
                                            "largeRetinaUrl": "https://assets.shop.loblaws.ca/products/20996039/b2/en/front/20996039_front_a06_@2.png"
                                        }
                                    ],
                                    "brand": "No Name",
                                    "title": "Roasted Peanuts, No Salt",
                                    "description": null,
                                    "packageSizing": "907 g, $0.88/100g",
                                    "pricing": {
                                        "price": "7.99",
                                        "wasPrice": null,
                                        "displayPrice": "$7.99",
                                        "memberOnlyPrice": null,
                                        "mopDisplayPrice": null
                                    },
                                    "pricingUnits": {
                                        "type": "SOLD_BY_EACH",
                                        "unit": "ea",
                                        "interval": 1,
                                        "minOrderQuantity": 1,
                                        "maxOrderQuantity": 25,
                                        "weighted": false
                                    },
                                    "deal": null,
                                    "mopDeal": null,
                                    "pcoDeal": null,
                                    "inventoryIndicator": null,
                                    "offerType": "OG",
                                    "offerId": "OG",
                                    "action": null,
                                    "isVariant": false,
                                    "link": "/roasted-peanuts-no-salt/p/20996039_EA",
                                    "productVendor": null,
                                    "productVariant": null,
                                    "textBadge": "",
                                    "variantTheme": null,
                                    "articleNumber": "20996039",
                                    "uom": "EA",
                                    "sponsoredCreative": null,
                                    "isSponsored": false,
                                    "isComplementarySponsored": false,
                                    "complementarySponsoredBadgeText": null,
                                    "productBadge": null
                                },
                                {
                                    "index": 5,
                                    "productId": "20001686_EA",
                                    "productImage": [
                                        {
                                            "imageUrl": "https://assets.shop.loblaws.ca/products/20001686/b2/en/front/20001686_front_a06_@2.png",
                                            "smallUrl": "https://assets.shop.loblaws.ca/products/20001686/b1/en/front/20001686_front_a01_@2.png",
                                            "mediumUrl": "https://assets.shop.loblaws.ca/products/20001686/b3/en/front/20001686_front_a06_@2.png",
                                            "largeUrl": "https://assets.shop.loblaws.ca/products/20001686/b2/en/front/20001686_front_a06_@2.png",
                                            "smallRetinaUrl": "https://assets.shop.loblaws.ca/products/20001686/b1/en/front/20001686_front_a01_@2.png",
                                            "mediumRetinaUrl": "https://assets.shop.loblaws.ca/products/20001686/b3/en/front/20001686_front_a06_@2.png",
                                            "largeRetinaUrl": "https://assets.shop.loblaws.ca/products/20001686/b2/en/front/20001686_front_a06_@2.png"
                                        },
                                        {
                                            "imageUrl": "https://assets.shop.loblaws.ca/products/20001686/b2/en/angle/20001686_angle_a06_@2.png",
                                            "smallUrl": "https://assets.shop.loblaws.ca/products/20001686/b1/en/angle/20001686_angle_a01_@2.png",
                                            "mediumUrl": "https://assets.shop.loblaws.ca/products/20001686/b3/en/angle/20001686_angle_a06_@2.png",
                                            "largeUrl": "https://assets.shop.loblaws.ca/products/20001686/b2/en/angle/20001686_angle_a06_@2.png",
                                            "smallRetinaUrl": "https://assets.shop.loblaws.ca/products/20001686/b1/en/angle/20001686_angle_a01_@2.png",
                                            "mediumRetinaUrl": "https://assets.shop.loblaws.ca/products/20001686/b3/en/angle/20001686_angle_a06_@2.png",
                                            "largeRetinaUrl": "https://assets.shop.loblaws.ca/products/20001686/b2/en/angle/20001686_angle_a06_@2.png"
                                        },
                                        {
                                            "imageUrl": "https://assets.shop.loblaws.ca/products/20001686/b2/en/side/20001686_side_a06_@2.png",
                                            "smallUrl": "https://assets.shop.loblaws.ca/products/20001686/b1/en/side/20001686_side_a01_@2.png",
                                            "mediumUrl": "https://assets.shop.loblaws.ca/products/20001686/b3/en/side/20001686_side_a06_@2.png",
                                            "largeUrl": "https://assets.shop.loblaws.ca/products/20001686/b2/en/side/20001686_side_a06_@2.png",
                                            "smallRetinaUrl": "https://assets.shop.loblaws.ca/products/20001686/b1/en/side/20001686_side_a01_@2.png",
                                            "mediumRetinaUrl": "https://assets.shop.loblaws.ca/products/20001686/b3/en/side/20001686_side_a06_@2.png",
                                            "largeRetinaUrl": "https://assets.shop.loblaws.ca/products/20001686/b2/en/side/20001686_side_a06_@2.png"
                                        }
                                    ],
                                    "brand": null,
                                    "title": "Dates Medjool",
                                    "description": "Dates are the fruit from date palm trees. When dried, dates are sweet with a thin, slightly shrivelled skin and chewy texture. They are often used to make muffins, chutneys, and date squares, but you can also wrap pitted dates with bacon for a quick and easy appetizer.",
                                    "packageSizing": "907 g, $1.76/100g",
                                    "pricing": {
                                        "price": "15.99",
                                        "wasPrice": null,
                                        "displayPrice": "$15.99",
                                        "memberOnlyPrice": null,
                                        "mopDisplayPrice": null
                                    },
                                    "pricingUnits": {
                                        "type": "SOLD_BY_EACH",
                                        "unit": "ea",
                                        "interval": 1,
                                        "minOrderQuantity": 1,
                                        "maxOrderQuantity": 25,
                                        "weighted": false
                                    },
                                    "deal": null,
                                    "mopDeal": null,
                                    "pcoDeal": null,
                                    "inventoryIndicator": null,
                                    "offerType": "OG",
                                    "offerId": "OG",
                                    "action": null,
                                    "isVariant": false,
                                    "link": "/dates-medjool/p/20001686_EA",
                                    "productVendor": null,
                                    "productVariant": null,
                                    "textBadge": "",
                                    "variantTheme": null,
                                    "articleNumber": "20001686",
                                    "uom": "EA",
                                    "sponsoredCreative": null,
                                    "isSponsored": false,
                                    "isComplementarySponsored": false,
                                    "complementarySponsoredBadgeText": null,
                                    "productBadge": null
                                },
                                {
                                    "index": 6,
                                    "productId": "20048750_EA",
                                    "productImage": [
                                        {
                                            "imageUrl": "https://assets.shop.loblaws.ca/products/20048750/b2/en/front/20048750_front_a06_@2.png",
                                            "smallUrl": "https://assets.shop.loblaws.ca/products/20048750/b1/en/front/20048750_front_a01_@2.png",
                                            "mediumUrl": "https://assets.shop.loblaws.ca/products/20048750/b3/en/front/20048750_front_a06_@2.png",
                                            "largeUrl": "https://assets.shop.loblaws.ca/products/20048750/b2/en/front/20048750_front_a06_@2.png",
                                            "smallRetinaUrl": "https://assets.shop.loblaws.ca/products/20048750/b1/en/front/20048750_front_a01_@2.png",
                                            "mediumRetinaUrl": "https://assets.shop.loblaws.ca/products/20048750/b3/en/front/20048750_front_a06_@2.png",
                                            "largeRetinaUrl": "https://assets.shop.loblaws.ca/products/20048750/b2/en/front/20048750_front_a06_@2.png"
                                        },
                                        {
                                            "imageUrl": "https://assets.shop.loblaws.ca/products/20048750/b2/en/angle/20048750_angle_a06_@2.png",
                                            "smallUrl": "https://assets.shop.loblaws.ca/products/20048750/b1/en/angle/20048750_angle_a01_@2.png",
                                            "mediumUrl": "https://assets.shop.loblaws.ca/products/20048750/b3/en/angle/20048750_angle_a06_@2.png",
                                            "largeUrl": "https://assets.shop.loblaws.ca/products/20048750/b2/en/angle/20048750_angle_a06_@2.png",
                                            "smallRetinaUrl": "https://assets.shop.loblaws.ca/products/20048750/b1/en/angle/20048750_angle_a01_@2.png",
                                            "mediumRetinaUrl": "https://assets.shop.loblaws.ca/products/20048750/b3/en/angle/20048750_angle_a06_@2.png",
                                            "largeRetinaUrl": "https://assets.shop.loblaws.ca/products/20048750/b2/en/angle/20048750_angle_a06_@2.png"
                                        },
                                        {
                                            "imageUrl": "https://assets.shop.loblaws.ca/products/20048750/b2/en/side/20048750_side_a06_@2.png",
                                            "smallUrl": "https://assets.shop.loblaws.ca/products/20048750/b1/en/side/20048750_side_a01_@2.png",
                                            "mediumUrl": "https://assets.shop.loblaws.ca/products/20048750/b3/en/side/20048750_side_a06_@2.png",
                                            "largeUrl": "https://assets.shop.loblaws.ca/products/20048750/b2/en/side/20048750_side_a06_@2.png",
                                            "smallRetinaUrl": "https://assets.shop.loblaws.ca/products/20048750/b1/en/side/20048750_side_a01_@2.png",
                                            "mediumRetinaUrl": "https://assets.shop.loblaws.ca/products/20048750/b3/en/side/20048750_side_a06_@2.png",
                                            "largeRetinaUrl": "https://assets.shop.loblaws.ca/products/20048750/b2/en/side/20048750_side_a06_@2.png"
                                        }
                                    ],
                                    "brand": "President's Choice",
                                    "title": "Salted California Pistachios",
                                    "description": "Have you ever dreamed about the ideal pistachio \u2013 or is that just us? Our process starts with fresh, large nuts harvested in the central valley of California where the climate and soil is perfect for growing the best tasting pistachios. Next comes dry-roasting in the shell \u2013 without any oils added. And last comes a touch of sea salt to bring out their slightly sweet, nutty flavour. Put out a bowl \u2013 or pile on antipasto boards and cheese platters. And talk about sensible snacking \u2013 stash some in your gym and work bags, too. ",
                                    "packageSizing": "454 g, $2.42/100g",
                                    "pricing": {
                                        "price": "10.99",
                                        "wasPrice": null,
                                        "displayPrice": "$10.99",
                                        "memberOnlyPrice": null,
                                        "mopDisplayPrice": null
                                    },
                                    "pricingUnits": {
                                        "type": "SOLD_BY_EACH",
                                        "unit": "ea",
                                        "interval": 1,
                                        "minOrderQuantity": 1,
                                        "maxOrderQuantity": 25,
                                        "weighted": false
                                    },
                                    "deal": null,
                                    "mopDeal": null,
                                    "pcoDeal": null,
                                    "inventoryIndicator": null,
                                    "offerType": "OG",
                                    "offerId": "OG",
                                    "action": null,
                                    "isVariant": false,
                                    "link": "/salted-california-pistachios/p/20048750_EA",
                                    "productVendor": null,
                                    "productVariant": null,
                                    "textBadge": "",
                                    "variantTheme": null,
                                    "articleNumber": "20048750",
                                    "uom": "EA",
                                    "sponsoredCreative": null,
                                    "isSponsored": false,
                                    "isComplementarySponsored": false,
                                    "complementarySponsoredBadgeText": null,
                                    "productBadge": null
                                },
                                {
                                    "index": 7,
                                    "productId": "20772841_EA",
                                    "productImage": [
                                        {
                                            "imageUrl": "https://assets.shop.loblaws.ca/products/20772841/b2/en/front/20772841_front_a06_@2.png",
                                            "smallUrl": "https://assets.shop.loblaws.ca/products/20772841/b1/en/front/20772841_front_a01_@2.png",
                                            "mediumUrl": "https://assets.shop.loblaws.ca/products/20772841/b3/en/front/20772841_front_a06_@2.png",
                                            "largeUrl": "https://assets.shop.loblaws.ca/products/20772841/b2/en/front/20772841_front_a06_@2.png",
                                            "smallRetinaUrl": "https://assets.shop.loblaws.ca/products/20772841/b1/en/front/20772841_front_a01_@2.png",
                                            "mediumRetinaUrl": "https://assets.shop.loblaws.ca/products/20772841/b3/en/front/20772841_front_a06_@2.png",
                                            "largeRetinaUrl": "https://assets.shop.loblaws.ca/products/20772841/b2/en/front/20772841_front_a06_@2.png"
                                        },
                                        {
                                            "imageUrl": "https://assets.shop.loblaws.ca/products/20772841/b2/en/angle/20772841_angle_a06_@2.png",
                                            "smallUrl": "https://assets.shop.loblaws.ca/products/20772841/b1/en/angle/20772841_angle_a01_@2.png",
                                            "mediumUrl": "https://assets.shop.loblaws.ca/products/20772841/b3/en/angle/20772841_angle_a06_@2.png",
                                            "largeUrl": "https://assets.shop.loblaws.ca/products/20772841/b2/en/angle/20772841_angle_a06_@2.png",
                                            "smallRetinaUrl": "https://assets.shop.loblaws.ca/products/20772841/b1/en/angle/20772841_angle_a01_@2.png",
                                            "mediumRetinaUrl": "https://assets.shop.loblaws.ca/products/20772841/b3/en/angle/20772841_angle_a06_@2.png",
                                            "largeRetinaUrl": "https://assets.shop.loblaws.ca/products/20772841/b2/en/angle/20772841_angle_a06_@2.png"
                                        },
                                        {
                                            "imageUrl": "https://assets.shop.loblaws.ca/products/20772841/b2/en/side/20772841_side_a06_@2.png",
                                            "smallUrl": "https://assets.shop.loblaws.ca/products/20772841/b1/en/side/20772841_side_a01_@2.png",
                                            "mediumUrl": "https://assets.shop.loblaws.ca/products/20772841/b3/en/side/20772841_side_a06_@2.png",
                                            "largeUrl": "https://assets.shop.loblaws.ca/products/20772841/b2/en/side/20772841_side_a06_@2.png",
                                            "smallRetinaUrl": "https://assets.shop.loblaws.ca/products/20772841/b1/en/side/20772841_side_a01_@2.png",
                                            "mediumRetinaUrl": "https://assets.shop.loblaws.ca/products/20772841/b3/en/side/20772841_side_a06_@2.png",
                                            "largeRetinaUrl": "https://assets.shop.loblaws.ca/products/20772841/b2/en/side/20772841_side_a06_@2.png"
                                        }
                                    ],
                                    "brand": null,
                                    "title": "Pitted Honey Dates",
                                    "description": "Dates are the fruit from date palm trees. When dried, dates are sweet with a thin, slightly shrivelled skin and chewy texture. They are often used to make muffins, chutneys, and date squares, but you can also wrap pitted dates with bacon for a quick and easy appetizer.",
                                    "packageSizing": "907 g, $0.88/100g",
                                    "pricing": {
                                        "price": "7.99",
                                        "wasPrice": null,
                                        "displayPrice": "$7.99",
                                        "memberOnlyPrice": null,
                                        "mopDisplayPrice": null
                                    },
                                    "pricingUnits": {
                                        "type": "SOLD_BY_EACH",
                                        "unit": "ea",
                                        "interval": 1,
                                        "minOrderQuantity": 1,
                                        "maxOrderQuantity": 25,
                                        "weighted": false
                                    },
                                    "deal": null,
                                    "mopDeal": null,
                                    "pcoDeal": null,
                                    "inventoryIndicator": null,
                                    "offerType": "OG",
                                    "offerId": "OG",
                                    "action": null,
                                    "isVariant": false,
                                    "link": "/pitted-honey-dates/p/20772841_EA",
                                    "productVendor": null,
                                    "productVariant": null,
                                    "textBadge": "",
                                    "variantTheme": null,
                                    "articleNumber": "20772841",
                                    "uom": "EA",
                                    "sponsoredCreative": null,
                                    "isSponsored": false,
                                    "isComplementarySponsored": false,
                                    "complementarySponsoredBadgeText": null,
                                    "productBadge": null
                                },
                                {
                                    "index": 8,
                                    "productId": "20037690_EA",
                                    "productImage": [
                                        {
                                            "imageUrl": "https://assets.shop.loblaws.ca/products/20037690/b2/en/front/20037690_front_a06_@2.png",
                                            "smallUrl": "https://assets.shop.loblaws.ca/products/20037690/b1/en/front/20037690_front_a01_@2.png",
                                            "mediumUrl": "https://assets.shop.loblaws.ca/products/20037690/b3/en/front/20037690_front_a06_@2.png",
                                            "largeUrl": "https://assets.shop.loblaws.ca/products/20037690/b2/en/front/20037690_front_a06_@2.png",
                                            "smallRetinaUrl": "https://assets.shop.loblaws.ca/products/20037690/b1/en/front/20037690_front_a01_@2.png",
                                            "mediumRetinaUrl": "https://assets.shop.loblaws.ca/products/20037690/b3/en/front/20037690_front_a06_@2.png",
                                            "largeRetinaUrl": "https://assets.shop.loblaws.ca/products/20037690/b2/en/front/20037690_front_a06_@2.png"
                                        }
                                    ],
                                    "brand": null,
                                    "title": "Dried Turkish Apricots",
                                    "description": "Dried fruit such as prunes, apricots, and mangoes make a great addition to granola, trail mix, and baked goods but also taste great on their own as a snack.",
                                    "packageSizing": "200 g, $2.00/100g",
                                    "pricing": {
                                        "price": "3.99",
                                        "wasPrice": null,
                                        "displayPrice": "$3.99",
                                        "memberOnlyPrice": null,
                                        "mopDisplayPrice": null
                                    },
                                    "pricingUnits": {
                                        "type": "SOLD_BY_EACH",
                                        "unit": "ea",
                                        "interval": 1,
                                        "minOrderQuantity": 1,
                                        "maxOrderQuantity": 25,
                                        "weighted": false
                                    },
                                    "deal": null,
                                    "mopDeal": null,
                                    "pcoDeal": null,
                                    "inventoryIndicator": null,
                                    "offerType": "OG",
                                    "offerId": "OG",
                                    "action": null,
                                    "isVariant": false,
                                    "link": "/dried-turkish-apricots/p/20037690_EA",
                                    "productVendor": null,
                                    "productVariant": null,
                                    "textBadge": "",
                                    "variantTheme": null,
                                    "articleNumber": "20037690",
                                    "uom": "EA",
                                    "sponsoredCreative": null,
                                    "isSponsored": false,
                                    "isComplementarySponsored": false,
                                    "complementarySponsoredBadgeText": null,
                                    "productBadge": null
                                },
                                {
                                    "index": 9,
                                    "productId": "20126522_EA",
                                    "productImage": [
                                        {
                                            "imageUrl": "https://assets.shop.loblaws.ca/products/20126522/b2/en/front/20126522_front_a06_@2.png",
                                            "smallUrl": "https://assets.shop.loblaws.ca/products/20126522/b1/en/front/20126522_front_a01_@2.png",
                                            "mediumUrl": "https://assets.shop.loblaws.ca/products/20126522/b3/en/front/20126522_front_a06_@2.png",
                                            "largeUrl": "https://assets.shop.loblaws.ca/products/20126522/b2/en/front/20126522_front_a06_@2.png",
                                            "smallRetinaUrl": "https://assets.shop.loblaws.ca/products/20126522/b1/en/front/20126522_front_a01_@2.png",
                                            "mediumRetinaUrl": "https://assets.shop.loblaws.ca/products/20126522/b3/en/front/20126522_front_a06_@2.png",
                                            "largeRetinaUrl": "https://assets.shop.loblaws.ca/products/20126522/b2/en/front/20126522_front_a06_@2.png"
                                        },
                                        {
                                            "imageUrl": "https://assets.shop.loblaws.ca/products/20126522/b2/en/angle/20126522_angle_a06_@2.png",
                                            "smallUrl": "https://assets.shop.loblaws.ca/products/20126522/b1/en/angle/20126522_angle_a01_@2.png",
                                            "mediumUrl": "https://assets.shop.loblaws.ca/products/20126522/b3/en/angle/20126522_angle_a06_@2.png",
                                            "largeUrl": "https://assets.shop.loblaws.ca/products/20126522/b2/en/angle/20126522_angle_a06_@2.png",
                                            "smallRetinaUrl": "https://assets.shop.loblaws.ca/products/20126522/b1/en/angle/20126522_angle_a01_@2.png",
                                            "mediumRetinaUrl": "https://assets.shop.loblaws.ca/products/20126522/b3/en/angle/20126522_angle_a06_@2.png",
                                            "largeRetinaUrl": "https://assets.shop.loblaws.ca/products/20126522/b2/en/angle/20126522_angle_a06_@2.png"
                                        },
                                        {
                                            "imageUrl": "https://assets.shop.loblaws.ca/products/20126522/b2/en/side/20126522_side_a06_@2.png",
                                            "smallUrl": "https://assets.shop.loblaws.ca/products/20126522/b1/en/side/20126522_side_a01_@2.png",
                                            "mediumUrl": "https://assets.shop.loblaws.ca/products/20126522/b3/en/side/20126522_side_a06_@2.png",
                                            "largeUrl": "https://assets.shop.loblaws.ca/products/20126522/b2/en/side/20126522_side_a06_@2.png",
                                            "smallRetinaUrl": "https://assets.shop.loblaws.ca/products/20126522/b1/en/side/20126522_side_a01_@2.png",
                                            "mediumRetinaUrl": "https://assets.shop.loblaws.ca/products/20126522/b3/en/side/20126522_side_a06_@2.png",
                                            "largeRetinaUrl": "https://assets.shop.loblaws.ca/products/20126522/b2/en/side/20126522_side_a06_@2.png"
                                        }
                                    ],
                                    "brand": "PC Blue Menu",
                                    "title": "Unsalted California Pistachios ",
                                    "description": "You don\u2019t want to give up pistachios \u2013 you just want to give up the salt. No problem. Ours are grown in sunny California, where pistachio trees thrive in the arid, hot weather. After harvesting, these large-size nuts are dry-roasted in the shell \u2013 without any salt or oil added. Problem solved. They\u2019re also high in fibre and a source of iron \u2013 everything you could want in a nutshell. ",
                                    "packageSizing": "454 g, $2.42/100g",
                                    "pricing": {
                                        "price": "10.99",
                                        "wasPrice": null,
                                        "displayPrice": "$10.99",
                                        "memberOnlyPrice": null,
                                        "mopDisplayPrice": null
                                    },
                                    "pricingUnits": {
                                        "type": "SOLD_BY_EACH",
                                        "unit": "ea",
                                        "interval": 1,
                                        "minOrderQuantity": 1,
                                        "maxOrderQuantity": 25,
                                        "weighted": false
                                    },
                                    "deal": null,
                                    "mopDeal": null,
                                    "pcoDeal": null,
                                    "inventoryIndicator": null,
                                    "offerType": "OG",
                                    "offerId": "OG",
                                    "action": null,
                                    "isVariant": false,
                                    "link": "/unsalted-california-pistachios/p/20126522_EA",
                                    "productVendor": null,
                                    "productVariant": null,
                                    "textBadge": "",
                                    "variantTheme": null,
                                    "articleNumber": "20126522",
                                    "uom": "EA",
                                    "sponsoredCreative": null,
                                    "isSponsored": false,
                                    "isComplementarySponsored": false,
                                    "complementarySponsoredBadgeText": null,
                                    "productBadge": null
                                },
                                {
                                    "index": 10,
                                    "productId": "21220378_EA",
                                    "productImage": [
                                        {
                                            "imageUrl": "https://assets.shop.loblaws.ca/products/21220378/b2/en/front/21220378_front_a06_@2.png",
                                            "smallUrl": "https://assets.shop.loblaws.ca/products/21220378/b1/en/front/21220378_front_a01_@2.png",
                                            "mediumUrl": "https://assets.shop.loblaws.ca/products/21220378/b3/en/front/21220378_front_a06_@2.png",
                                            "largeUrl": "https://assets.shop.loblaws.ca/products/21220378/b2/en/front/21220378_front_a06_@2.png",
                                            "smallRetinaUrl": "https://assets.shop.loblaws.ca/products/21220378/b1/en/front/21220378_front_a01_@2.png",
                                            "mediumRetinaUrl": "https://assets.shop.loblaws.ca/products/21220378/b3/en/front/21220378_front_a06_@2.png",
                                            "largeRetinaUrl": "https://assets.shop.loblaws.ca/products/21220378/b2/en/front/21220378_front_a06_@2.png"
                                        }
                                    ],
                                    "brand": "Paramount",
                                    "title": "Pistachios No Shells Roasted Light Salt",
                                    "description": null,
                                    "packageSizing": "170 g, $5.88/100g",
                                    "pricing": {
                                        "price": "9.99",
                                        "wasPrice": null,
                                        "displayPrice": "$9.99",
                                        "memberOnlyPrice": null,
                                        "mopDisplayPrice": null
                                    },
                                    "pricingUnits": {
                                        "type": "SOLD_BY_EACH",
                                        "unit": "ea",
                                        "interval": 1,
                                        "minOrderQuantity": 1,
                                        "maxOrderQuantity": 25,
                                        "weighted": false
                                    },
                                    "deal": null,
                                    "mopDeal": null,
                                    "pcoDeal": null,
                                    "inventoryIndicator": null,
                                    "offerType": "OG",
                                    "offerId": "OG",
                                    "action": null,
                                    "isVariant": false,
                                    "link": "/pistachios-no-shells-roasted-light-salt/p/21220378_EA",
                                    "productVendor": null,
                                    "productVariant": null,
                                    "textBadge": "",
                                    "variantTheme": null,
                                    "articleNumber": "21220378",
                                    "uom": "EA",
                                    "sponsoredCreative": null,
                                    "isSponsored": false,
                                    "isComplementarySponsored": false,
                                    "complementarySponsoredBadgeText": null,
                                    "productBadge": null
                                },
                                {
                                    "index": 11,
                                    "productId": "21093267_EA",
                                    "productImage": [
                                        {
                                            "imageUrl": "https://assets.shop.loblaws.ca/products/21093267/b2/en/front/21093267_front_a06_@2.png",
                                            "smallUrl": "https://assets.shop.loblaws.ca/products/21093267/b1/en/front/21093267_front_a01_@2.png",
                                            "mediumUrl": "https://assets.shop.loblaws.ca/products/21093267/b3/en/front/21093267_front_a06_@2.png",
                                            "largeUrl": "https://assets.shop.loblaws.ca/products/21093267/b2/en/front/21093267_front_a06_@2.png",
                                            "smallRetinaUrl": "https://assets.shop.loblaws.ca/products/21093267/b1/en/front/21093267_front_a01_@2.png",
                                            "mediumRetinaUrl": "https://assets.shop.loblaws.ca/products/21093267/b3/en/front/21093267_front_a06_@2.png",
                                            "largeRetinaUrl": "https://assets.shop.loblaws.ca/products/21093267/b2/en/front/21093267_front_a06_@2.png"
                                        }
                                    ],
                                    "brand": "No Name",
                                    "title": "Raw, Unsalted Pumpkin Seeds",
                                    "description": "Simple Check\u2122\u2020\u2020The Simple Check\u2122 symbol appears on no name\u00ae products made without 10 ingredients* such as synthetic colours\u2020\u2020, artificial flavours and artificial sweeteners.*Like all similar products, this product never contained these ingredients. \u2020\u2020As defined in Canadian regulations.To learn more: noname.ca/simplecheck",
                                    "packageSizing": "100 g, $2.49/100g",
                                    "pricing": {
                                        "price": "2.49",
                                        "wasPrice": null,
                                        "displayPrice": "$2.49",
                                        "memberOnlyPrice": null,
                                        "mopDisplayPrice": null
                                    },
                                    "pricingUnits": {
                                        "type": "SOLD_BY_EACH",
                                        "unit": "ea",
                                        "interval": 1,
                                        "minOrderQuantity": 1,
                                        "maxOrderQuantity": 25,
                                        "weighted": false
                                    },
                                    "deal": null,
                                    "mopDeal": null,
                                    "pcoDeal": "500 PC Optimum Points",
                                    "inventoryIndicator": null,
                                    "offerType": "OG",
                                    "offerId": "OG",
                                    "action": null,
                                    "isVariant": false,
                                    "link": "/raw-unsalted-pumpkin-seeds/p/21093267_EA",
                                    "productVendor": null,
                                    "productVariant": null,
                                    "textBadge": "pco-optimum",
                                    "variantTheme": null,
                                    "articleNumber": "21093267",
                                    "uom": "EA",
                                    "sponsoredCreative": null,
                                    "isSponsored": false,
                                    "isComplementarySponsored": false,
                                    "complementarySponsoredBadgeText": null,
                                    "productBadge": null
                                },
                                {
                                    "index": 12,
                                    "productId": "21085963001_EA",
                                    "productImage": [
                                        {
                                            "imageUrl": "https://assets.shop.loblaws.ca/products/21085963001/b2/en/front/21085963001_front_a06_@2.png",
                                            "smallUrl": "https://assets.shop.loblaws.ca/products/21085963001/b1/en/front/21085963001_front_a01_@2.png",
                                            "mediumUrl": "https://assets.shop.loblaws.ca/products/21085963001/b3/en/front/21085963001_front_a06_@2.png",
                                            "largeUrl": "https://assets.shop.loblaws.ca/products/21085963001/b2/en/front/21085963001_front_a06_@2.png",
                                            "smallRetinaUrl": "https://assets.shop.loblaws.ca/products/21085963001/b1/en/front/21085963001_front_a01_@2.png",
                                            "mediumRetinaUrl": "https://assets.shop.loblaws.ca/products/21085963001/b3/en/front/21085963001_front_a06_@2.png",
                                            "largeRetinaUrl": "https://assets.shop.loblaws.ca/products/21085963001/b2/en/front/21085963001_front_a06_@2.png"
                                        },
                                        {
                                            "imageUrl": "https://assets.shop.loblaws.ca/products/21085963001/b2/en/angle/21085963001_angle_a06_@2.png",
                                            "smallUrl": "https://assets.shop.loblaws.ca/products/21085963001/b1/en/angle/21085963001_angle_a01_@2.png",
                                            "mediumUrl": "https://assets.shop.loblaws.ca/products/21085963001/b3/en/angle/21085963001_angle_a06_@2.png",
                                            "largeUrl": "https://assets.shop.loblaws.ca/products/21085963001/b2/en/angle/21085963001_angle_a06_@2.png",
                                            "smallRetinaUrl": "https://assets.shop.loblaws.ca/products/21085963001/b1/en/angle/21085963001_angle_a01_@2.png",
                                            "mediumRetinaUrl": "https://assets.shop.loblaws.ca/products/21085963001/b3/en/angle/21085963001_angle_a06_@2.png",
                                            "largeRetinaUrl": "https://assets.shop.loblaws.ca/products/21085963001/b2/en/angle/21085963001_angle_a06_@2.png"
                                        },
                                        {
                                            "imageUrl": "https://assets.shop.loblaws.ca/products/21085963001/b2/en/side/21085963001_side_a06_@2.png",
                                            "smallUrl": "https://assets.shop.loblaws.ca/products/21085963001/b1/en/side/21085963001_side_a01_@2.png",
                                            "mediumUrl": "https://assets.shop.loblaws.ca/products/21085963001/b3/en/side/21085963001_side_a06_@2.png",
                                            "largeUrl": "https://assets.shop.loblaws.ca/products/21085963001/b2/en/side/21085963001_side_a06_@2.png",
                                            "smallRetinaUrl": "https://assets.shop.loblaws.ca/products/21085963001/b1/en/side/21085963001_side_a01_@2.png",
                                            "mediumRetinaUrl": "https://assets.shop.loblaws.ca/products/21085963001/b3/en/side/21085963001_side_a06_@2.png",
                                            "largeRetinaUrl": "https://assets.shop.loblaws.ca/products/21085963001/b2/en/side/21085963001_side_a06_@2.png"
                                        }
                                    ],
                                    "brand": "Paramount",
                                    "title": "Wonderful Pistachios, Roasted & Salted",
                                    "description": null,
                                    "packageSizing": "225 g, $2.88/100g",
                                    "pricing": {
                                        "price": "6.49",
                                        "wasPrice": null,
                                        "displayPrice": "$6.49",
                                        "memberOnlyPrice": null,
                                        "mopDisplayPrice": null
                                    },
                                    "pricingUnits": {
                                        "type": "SOLD_BY_EACH",
                                        "unit": "ea",
                                        "interval": 1,
                                        "minOrderQuantity": 1,
                                        "maxOrderQuantity": 25,
                                        "weighted": false
                                    },
                                    "deal": null,
                                    "mopDeal": null,
                                    "pcoDeal": null,
                                    "inventoryIndicator": {
                                        "indicatorId": "OUT",
                                        "text": "Out of Stock"
                                    },
                                    "offerType": "OG",
                                    "offerId": "OG",
                                    "action": null,
                                    "isVariant": false,
                                    "link": "/wonderful-pistachios-roasted-salted/p/21085963001_EA",
                                    "productVendor": null,
                                    "productVariant": null,
                                    "textBadge": "out-of-stock",
                                    "variantTheme": null,
                                    "articleNumber": "21085963001",
                                    "uom": "EA",
                                    "sponsoredCreative": null,
                                    "isSponsored": false,
                                    "isComplementarySponsored": false,
                                    "complementarySponsoredBadgeText": null,
                                    "productBadge": null
                                },
                                {
                                    "index": 13,
                                    "productId": "20599942_EA",
                                    "productImage": [
                                        {
                                            "imageUrl": "https://assets.shop.loblaws.ca/products/20599942/b2/en/front/20599942_front_a06_@2.png",
                                            "smallUrl": "https://assets.shop.loblaws.ca/products/20599942/b1/en/front/20599942_front_a01_@2.png",
                                            "mediumUrl": "https://assets.shop.loblaws.ca/products/20599942/b3/en/front/20599942_front_a06_@2.png",
                                            "largeUrl": "https://assets.shop.loblaws.ca/products/20599942/b2/en/front/20599942_front_a06_@2.png",
                                            "smallRetinaUrl": "https://assets.shop.loblaws.ca/products/20599942/b1/en/front/20599942_front_a01_@2.png",
                                            "mediumRetinaUrl": "https://assets.shop.loblaws.ca/products/20599942/b3/en/front/20599942_front_a06_@2.png",
                                            "largeRetinaUrl": "https://assets.shop.loblaws.ca/products/20599942/b2/en/front/20599942_front_a06_@2.png"
                                        }
                                    ],
                                    "brand": "Aurora",
                                    "title": "Dried Turkish Figs",
                                    "description": null,
                                    "packageSizing": "200 g, $1.50/100g",
                                    "pricing": {
                                        "price": "2.99",
                                        "wasPrice": null,
                                        "displayPrice": "$2.99",
                                        "memberOnlyPrice": null,
                                        "mopDisplayPrice": null
                                    },
                                    "pricingUnits": {
                                        "type": "SOLD_BY_EACH",
                                        "unit": "ea",
                                        "interval": 1,
                                        "minOrderQuantity": 1,
                                        "maxOrderQuantity": 25,
                                        "weighted": false
                                    },
                                    "deal": null,
                                    "mopDeal": null,
                                    "pcoDeal": null,
                                    "inventoryIndicator": null,
                                    "offerType": "OG",
                                    "offerId": "OG",
                                    "action": null,
                                    "isVariant": false,
                                    "link": "/dried-turkish-figs/p/20599942_EA",
                                    "productVendor": null,
                                    "productVariant": null,
                                    "textBadge": "",
                                    "variantTheme": null,
                                    "articleNumber": "20599942",
                                    "uom": "EA",
                                    "sponsoredCreative": null,
                                    "isSponsored": false,
                                    "isComplementarySponsored": false,
                                    "complementarySponsoredBadgeText": null,
                                    "productBadge": null
                                },
                                {
                                    "index": 14,
                                    "productId": "20997920_EA",
                                    "productImage": [
                                        {
                                            "imageUrl": "https://assets.shop.loblaws.ca/products/20997920/b2/en/front/20997920_front_a06_@2.png",
                                            "smallUrl": "https://assets.shop.loblaws.ca/products/20997920/b1/en/front/20997920_front_a01_@2.png",
                                            "mediumUrl": "https://assets.shop.loblaws.ca/products/20997920/b3/en/front/20997920_front_a06_@2.png",
                                            "largeUrl": "https://assets.shop.loblaws.ca/products/20997920/b2/en/front/20997920_front_a06_@2.png",
                                            "smallRetinaUrl": "https://assets.shop.loblaws.ca/products/20997920/b1/en/front/20997920_front_a01_@2.png",
                                            "mediumRetinaUrl": "https://assets.shop.loblaws.ca/products/20997920/b3/en/front/20997920_front_a06_@2.png",
                                            "largeRetinaUrl": "https://assets.shop.loblaws.ca/products/20997920/b2/en/front/20997920_front_a06_@2.png"
                                        },
                                        {
                                            "imageUrl": "https://assets.shop.loblaws.ca/products/20997920/b2/en/angle/20997920_angle_a06_@2.png",
                                            "smallUrl": "https://assets.shop.loblaws.ca/products/20997920/b1/en/angle/20997920_angle_a01_@2.png",
                                            "mediumUrl": "https://assets.shop.loblaws.ca/products/20997920/b3/en/angle/20997920_angle_a06_@2.png",
                                            "largeUrl": "https://assets.shop.loblaws.ca/products/20997920/b2/en/angle/20997920_angle_a06_@2.png",
                                            "smallRetinaUrl": "https://assets.shop.loblaws.ca/products/20997920/b1/en/angle/20997920_angle_a01_@2.png",
                                            "mediumRetinaUrl": "https://assets.shop.loblaws.ca/products/20997920/b3/en/angle/20997920_angle_a06_@2.png",
                                            "largeRetinaUrl": "https://assets.shop.loblaws.ca/products/20997920/b2/en/angle/20997920_angle_a06_@2.png"
                                        }
                                    ],
                                    "brand": "President's Choice",
                                    "title": "Salted Virginia Peanuts",
                                    "description": "<p>Enjoy Salted Virginia Peanuts by the handful. A salty snack you can enjoy any time of day, they're dry-roasted in the shell for freshness and flavour.</p>",
                                    "packageSizing": "454 g, $1.10/100g",
                                    "pricing": {
                                        "price": "4.99",
                                        "wasPrice": null,
                                        "displayPrice": "$4.99",
                                        "memberOnlyPrice": null,
                                        "mopDisplayPrice": null
                                    },
                                    "pricingUnits": {
                                        "type": "SOLD_BY_EACH",
                                        "unit": "ea",
                                        "interval": 1,
                                        "minOrderQuantity": 1,
                                        "maxOrderQuantity": 25,
                                        "weighted": false
                                    },
                                    "deal": null,
                                    "mopDeal": null,
                                    "pcoDeal": null,
                                    "inventoryIndicator": null,
                                    "offerType": "OG",
                                    "offerId": "OG",
                                    "action": null,
                                    "isVariant": false,
                                    "link": "/salted-virginia-peanuts/p/20997920_EA",
                                    "productVendor": null,
                                    "productVariant": null,
                                    "textBadge": "",
                                    "variantTheme": null,
                                    "articleNumber": "20997920",
                                    "uom": "EA",
                                    "sponsoredCreative": null,
                                    "isSponsored": false,
                                    "isComplementarySponsored": false,
                                    "complementarySponsoredBadgeText": null,
                                    "productBadge": null
                                },
                                {
                                    "index": 15,
                                    "productId": "21093269_EA",
                                    "productImage": [
                                        {
                                            "imageUrl": "https://assets.shop.loblaws.ca/products/21093269/b2/en/front/21093269_front_a06_@2.png",
                                            "smallUrl": "https://assets.shop.loblaws.ca/products/21093269/b1/en/front/21093269_front_a01_@2.png",
                                            "mediumUrl": "https://assets.shop.loblaws.ca/products/21093269/b3/en/front/21093269_front_a06_@2.png",
                                            "largeUrl": "https://assets.shop.loblaws.ca/products/21093269/b2/en/front/21093269_front_a06_@2.png",
                                            "smallRetinaUrl": "https://assets.shop.loblaws.ca/products/21093269/b1/en/front/21093269_front_a01_@2.png",
                                            "mediumRetinaUrl": "https://assets.shop.loblaws.ca/products/21093269/b3/en/front/21093269_front_a06_@2.png",
                                            "largeRetinaUrl": "https://assets.shop.loblaws.ca/products/21093269/b2/en/front/21093269_front_a06_@2.png"
                                        }
                                    ],
                                    "brand": "No Name",
                                    "title": "Raw, Unsalted Sunflower Seeds",
                                    "description": "Simple Check\u2122\u2020\u2020The Simple Check\u2122 symbol appears on no name\u00ae products made without 10 ingredients* such as synthetic colours\u2020\u2020, artificial flavours and artificial sweeteners.*Like all similar products, this product never contained these ingredients. \u2020\u2020As defined in Canadian regulations.To learn more: noname.ca/simplecheck",
                                    "packageSizing": "100 g, $2.29/100g",
                                    "pricing": {
                                        "price": "2.29",
                                        "wasPrice": null,
                                        "displayPrice": "$2.29",
                                        "memberOnlyPrice": null,
                                        "mopDisplayPrice": null
                                    },
                                    "pricingUnits": {
                                        "type": "SOLD_BY_EACH",
                                        "unit": "ea",
                                        "interval": 1,
                                        "minOrderQuantity": 1,
                                        "maxOrderQuantity": 25,
                                        "weighted": false
                                    },
                                    "deal": null,
                                    "mopDeal": null,
                                    "pcoDeal": "500 PC Optimum Points",
                                    "inventoryIndicator": null,
                                    "offerType": "OG",
                                    "offerId": "OG",
                                    "action": null,
                                    "isVariant": false,
                                    "link": "/raw-unsalted-sunflower-seeds/p/21093269_EA",
                                    "productVendor": null,
                                    "productVariant": null,
                                    "textBadge": "pco-optimum",
                                    "variantTheme": null,
                                    "articleNumber": "21093269",
                                    "uom": "EA",
                                    "sponsoredCreative": null,
                                    "isSponsored": false,
                                    "isComplementarySponsored": false,
                                    "complementarySponsoredBadgeText": null,
                                    "productBadge": null
                                },
                                {
                                    "index": 16,
                                    "productId": "20629481_EA",
                                    "productImage": [
                                        {
                                            "imageUrl": "https://assets.shop.loblaws.ca/products/20629481/b2/en/front/20629481_front_a06_@2.png",
                                            "smallUrl": "https://assets.shop.loblaws.ca/products/20629481/b1/en/front/20629481_front_a01_@2.png",
                                            "mediumUrl": "https://assets.shop.loblaws.ca/products/20629481/b3/en/front/20629481_front_a06_@2.png",
                                            "largeUrl": "https://assets.shop.loblaws.ca/products/20629481/b2/en/front/20629481_front_a06_@2.png",
                                            "smallRetinaUrl": "https://assets.shop.loblaws.ca/products/20629481/b1/en/front/20629481_front_a01_@2.png",
                                            "mediumRetinaUrl": "https://assets.shop.loblaws.ca/products/20629481/b3/en/front/20629481_front_a06_@2.png",
                                            "largeRetinaUrl": "https://assets.shop.loblaws.ca/products/20629481/b2/en/front/20629481_front_a06_@2.png"
                                        },
                                        {
                                            "imageUrl": "https://assets.shop.loblaws.ca/products/20629481/b2/en/angle/20629481_angle_a06_@2.png",
                                            "smallUrl": "https://assets.shop.loblaws.ca/products/20629481/b1/en/angle/20629481_angle_a01_@2.png",
                                            "mediumUrl": "https://assets.shop.loblaws.ca/products/20629481/b3/en/angle/20629481_angle_a06_@2.png",
                                            "largeUrl": "https://assets.shop.loblaws.ca/products/20629481/b2/en/angle/20629481_angle_a06_@2.png",
                                            "smallRetinaUrl": "https://assets.shop.loblaws.ca/products/20629481/b1/en/angle/20629481_angle_a01_@2.png",
                                            "mediumRetinaUrl": "https://assets.shop.loblaws.ca/products/20629481/b3/en/angle/20629481_angle_a06_@2.png",
                                            "largeRetinaUrl": "https://assets.shop.loblaws.ca/products/20629481/b2/en/angle/20629481_angle_a06_@2.png"
                                        },
                                        {
                                            "imageUrl": "https://assets.shop.loblaws.ca/products/20629481/b2/en/side/20629481_side_a06_@2.png",
                                            "smallUrl": "https://assets.shop.loblaws.ca/products/20629481/b1/en/side/20629481_side_a01_@2.png",
                                            "mediumUrl": "https://assets.shop.loblaws.ca/products/20629481/b3/en/side/20629481_side_a06_@2.png",
                                            "largeUrl": "https://assets.shop.loblaws.ca/products/20629481/b2/en/side/20629481_side_a06_@2.png",
                                            "smallRetinaUrl": "https://assets.shop.loblaws.ca/products/20629481/b1/en/side/20629481_side_a01_@2.png",
                                            "mediumRetinaUrl": "https://assets.shop.loblaws.ca/products/20629481/b3/en/side/20629481_side_a06_@2.png",
                                            "largeRetinaUrl": "https://assets.shop.loblaws.ca/products/20629481/b2/en/side/20629481_side_a06_@2.png"
                                        }
                                    ],
                                    "brand": "Paramount",
                                    "title": "Wonderful Pistachios, Sweet Chili",
                                    "description": null,
                                    "packageSizing": "200 g, $3.25/100g",
                                    "pricing": {
                                        "price": "6.49",
                                        "wasPrice": null,
                                        "displayPrice": "$6.49",
                                        "memberOnlyPrice": null,
                                        "mopDisplayPrice": null
                                    },
                                    "pricingUnits": {
                                        "type": "SOLD_BY_EACH",
                                        "unit": "ea",
                                        "interval": 1,
                                        "minOrderQuantity": 1,
                                        "maxOrderQuantity": 25,
                                        "weighted": false
                                    },
                                    "deal": null,
                                    "mopDeal": null,
                                    "pcoDeal": null,
                                    "inventoryIndicator": {
                                        "indicatorId": "OUT",
                                        "text": "Out of Stock"
                                    },
                                    "offerType": "OG",
                                    "offerId": "OG",
                                    "action": null,
                                    "isVariant": false,
                                    "link": "/wonderful-pistachios-sweet-chili/p/20629481_EA",
                                    "productVendor": null,
                                    "productVariant": null,
                                    "textBadge": "out-of-stock",
                                    "variantTheme": null,
                                    "articleNumber": "20629481",
                                    "uom": "EA",
                                    "sponsoredCreative": null,
                                    "isSponsored": false,
                                    "isComplementarySponsored": false,
                                    "complementarySponsoredBadgeText": null,
                                    "productBadge": null
                                },
                                {
                                    "index": 17,
                                    "productId": "20281762_EA",
                                    "productImage": [
                                        {
                                            "imageUrl": "https://assets.shop.loblaws.ca/products/20281762/b2/en/front/20281762_front_a06_@2.png",
                                            "smallUrl": "https://assets.shop.loblaws.ca/products/20281762/b1/en/front/20281762_front_a01_@2.png",
                                            "mediumUrl": "https://assets.shop.loblaws.ca/products/20281762/b3/en/front/20281762_front_a06_@2.png",
                                            "largeUrl": "https://assets.shop.loblaws.ca/products/20281762/b2/en/front/20281762_front_a06_@2.png",
                                            "smallRetinaUrl": "https://assets.shop.loblaws.ca/products/20281762/b1/en/front/20281762_front_a01_@2.png",
                                            "mediumRetinaUrl": "https://assets.shop.loblaws.ca/products/20281762/b3/en/front/20281762_front_a06_@2.png",
                                            "largeRetinaUrl": "https://assets.shop.loblaws.ca/products/20281762/b2/en/front/20281762_front_a06_@2.png"
                                        }
                                    ],
                                    "brand": "Aurora",
                                    "title": "Sundried Tomatoes",
                                    "description": null,
                                    "packageSizing": "85 g, $3.88/100g",
                                    "pricing": {
                                        "price": "3.49",
                                        "wasPrice": null,
                                        "displayPrice": "$3.49",
                                        "memberOnlyPrice": null,
                                        "mopDisplayPrice": null
                                    },
                                    "pricingUnits": {
                                        "type": "SOLD_BY_EACH",
                                        "unit": "ea",
                                        "interval": 1,
                                        "minOrderQuantity": 1,
                                        "maxOrderQuantity": 25,
                                        "weighted": false
                                    },
                                    "deal": null,
                                    "mopDeal": null,
                                    "pcoDeal": null,
                                    "inventoryIndicator": {
                                        "indicatorId": "OUT",
                                        "text": "Out of Stock"
                                    },
                                    "offerType": "OG",
                                    "offerId": "OG",
                                    "action": null,
                                    "isVariant": false,
                                    "link": "/sundried-tomatoes/p/20281762_EA",
                                    "productVendor": null,
                                    "productVariant": null,
                                    "textBadge": "out-of-stock",
                                    "variantTheme": null,
                                    "articleNumber": "20281762",
                                    "uom": "EA",
                                    "sponsoredCreative": null,
                                    "isSponsored": false,
                                    "isComplementarySponsored": false,
                                    "complementarySponsoredBadgeText": null,
                                    "productBadge": null
                                },
                                {
                                    "index": 18,
                                    "productId": "20339219_EA",
                                    "productImage": [
                                        {
                                            "imageUrl": "https://assets.shop.loblaws.ca/products/20339219/b2/en/front/20339219_front_a06_@2.png",
                                            "smallUrl": "https://assets.shop.loblaws.ca/products/20339219/b1/en/front/20339219_front_a01_@2.png",
                                            "mediumUrl": "https://assets.shop.loblaws.ca/products/20339219/b3/en/front/20339219_front_a06_@2.png",
                                            "largeUrl": "https://assets.shop.loblaws.ca/products/20339219/b2/en/front/20339219_front_a06_@2.png",
                                            "smallRetinaUrl": "https://assets.shop.loblaws.ca/products/20339219/b1/en/front/20339219_front_a01_@2.png",
                                            "mediumRetinaUrl": "https://assets.shop.loblaws.ca/products/20339219/b3/en/front/20339219_front_a06_@2.png",
                                            "largeRetinaUrl": "https://assets.shop.loblaws.ca/products/20339219/b2/en/front/20339219_front_a06_@2.png"
                                        },
                                        {
                                            "imageUrl": "https://assets.shop.loblaws.ca/products/20339219/b2/en/angle/20339219_angle_a06_@2.png",
                                            "smallUrl": "https://assets.shop.loblaws.ca/products/20339219/b1/en/angle/20339219_angle_a01_@2.png",
                                            "mediumUrl": "https://assets.shop.loblaws.ca/products/20339219/b3/en/angle/20339219_angle_a06_@2.png",
                                            "largeUrl": "https://assets.shop.loblaws.ca/products/20339219/b2/en/angle/20339219_angle_a06_@2.png",
                                            "smallRetinaUrl": "https://assets.shop.loblaws.ca/products/20339219/b1/en/angle/20339219_angle_a01_@2.png",
                                            "mediumRetinaUrl": "https://assets.shop.loblaws.ca/products/20339219/b3/en/angle/20339219_angle_a06_@2.png",
                                            "largeRetinaUrl": "https://assets.shop.loblaws.ca/products/20339219/b2/en/angle/20339219_angle_a06_@2.png"
                                        },
                                        {
                                            "imageUrl": "https://assets.shop.loblaws.ca/products/20339219/b2/en/side/20339219_side_a06_@2.png",
                                            "smallUrl": "https://assets.shop.loblaws.ca/products/20339219/b1/en/side/20339219_side_a01_@2.png",
                                            "mediumUrl": "https://assets.shop.loblaws.ca/products/20339219/b3/en/side/20339219_side_a06_@2.png",
                                            "largeUrl": "https://assets.shop.loblaws.ca/products/20339219/b2/en/side/20339219_side_a06_@2.png",
                                            "smallRetinaUrl": "https://assets.shop.loblaws.ca/products/20339219/b1/en/side/20339219_side_a01_@2.png",
                                            "mediumRetinaUrl": "https://assets.shop.loblaws.ca/products/20339219/b3/en/side/20339219_side_a06_@2.png",
                                            "largeRetinaUrl": "https://assets.shop.loblaws.ca/products/20339219/b2/en/side/20339219_side_a06_@2.png"
                                        }
                                    ],
                                    "brand": "Paramount",
                                    "title": "Pistachios, Salt & Pepper",
                                    "description": "Pistachios in shell seasoned with salt and pepper.",
                                    "packageSizing": "200 g, $3.25/100g",
                                    "pricing": {
                                        "price": "6.49",
                                        "wasPrice": null,
                                        "displayPrice": "$6.49",
                                        "memberOnlyPrice": null,
                                        "mopDisplayPrice": null
                                    },
                                    "pricingUnits": {
                                        "type": "SOLD_BY_EACH",
                                        "unit": "ea",
                                        "interval": 1,
                                        "minOrderQuantity": 1,
                                        "maxOrderQuantity": 25,
                                        "weighted": false
                                    },
                                    "deal": null,
                                    "mopDeal": null,
                                    "pcoDeal": null,
                                    "inventoryIndicator": {
                                        "indicatorId": "LOW",
                                        "text": "Low Stock"
                                    },
                                    "offerType": "OG",
                                    "offerId": "OG",
                                    "action": null,
                                    "isVariant": false,
                                    "link": "/pistachios-salt-pepper/p/20339219_EA",
                                    "productVendor": null,
                                    "productVariant": null,
                                    "textBadge": "low-inventory",
                                    "variantTheme": null,
                                    "articleNumber": "20339219",
                                    "uom": "EA",
                                    "sponsoredCreative": null,
                                    "isSponsored": false,
                                    "isComplementarySponsored": false,
                                    "complementarySponsoredBadgeText": null,
                                    "productBadge": null
                                },
                                {
                                    "index": 19,
                                    "productId": "21217809001_EA",
                                    "productImage": [
                                        {
                                            "imageUrl": "https://assets.shop.loblaws.ca/products/21217809001/b2/en/front/21217809001_front_a06_@2.png",
                                            "smallUrl": "https://assets.shop.loblaws.ca/products/21217809001/b1/en/front/21217809001_front_a01_@2.png",
                                            "mediumUrl": "https://assets.shop.loblaws.ca/products/21217809001/b3/en/front/21217809001_front_a06_@2.png",
                                            "largeUrl": "https://assets.shop.loblaws.ca/products/21217809001/b2/en/front/21217809001_front_a06_@2.png",
                                            "smallRetinaUrl": "https://assets.shop.loblaws.ca/products/21217809001/b1/en/front/21217809001_front_a01_@2.png",
                                            "mediumRetinaUrl": "https://assets.shop.loblaws.ca/products/21217809001/b3/en/front/21217809001_front_a06_@2.png",
                                            "largeRetinaUrl": "https://assets.shop.loblaws.ca/products/21217809001/b2/en/front/21217809001_front_a06_@2.png"
                                        },
                                        {
                                            "imageUrl": "https://assets.shop.loblaws.ca/products/21217809001/b2/en/back/21217809001_back_a06_@2.png",
                                            "smallUrl": "https://assets.shop.loblaws.ca/products/21217809001/b1/en/back/21217809001_back_a01_@2.png",
                                            "mediumUrl": "https://assets.shop.loblaws.ca/products/21217809001/b3/en/back/21217809001_back_a06_@2.png",
                                            "largeUrl": "https://assets.shop.loblaws.ca/products/21217809001/b2/en/back/21217809001_back_a06_@2.png",
                                            "smallRetinaUrl": "https://assets.shop.loblaws.ca/products/21217809001/b1/en/back/21217809001_back_a01_@2.png",
                                            "mediumRetinaUrl": "https://assets.shop.loblaws.ca/products/21217809001/b3/en/back/21217809001_back_a06_@2.png",
                                            "largeRetinaUrl": "https://assets.shop.loblaws.ca/products/21217809001/b2/en/back/21217809001_back_a06_@2.png"
                                        }
                                    ],
                                    "brand": null,
                                    "title": "Organic Dates",
                                    "description": null,
                                    "packageSizing": "340 g, $2.06/100g",
                                    "pricing": {
                                        "price": "6.99",
                                        "wasPrice": null,
                                        "displayPrice": "$6.99",
                                        "memberOnlyPrice": null,
                                        "mopDisplayPrice": null
                                    },
                                    "pricingUnits": {
                                        "type": "SOLD_BY_EACH",
                                        "unit": "ea",
                                        "interval": 1,
                                        "minOrderQuantity": 1,
                                        "maxOrderQuantity": 25,
                                        "weighted": false
                                    },
                                    "deal": null,
                                    "mopDeal": null,
                                    "pcoDeal": null,
                                    "inventoryIndicator": {
                                        "indicatorId": "OUT",
                                        "text": "Out of Stock"
                                    },
                                    "offerType": "OG",
                                    "offerId": "OG",
                                    "action": null,
                                    "isVariant": false,
                                    "link": "/organic-dates/p/21217809001_EA",
                                    "productVendor": null,
                                    "productVariant": null,
                                    "textBadge": "out-of-stock",
                                    "variantTheme": null,
                                    "articleNumber": "21217809001",
                                    "uom": "EA",
                                    "sponsoredCreative": null,
                                    "isSponsored": false,
                                    "isComplementarySponsored": false,
                                    "complementarySponsoredBadgeText": null,
                                    "productBadge": null
                                },
                                {
                                    "index": 20,
                                    "productId": "21087137001_EA",
                                    "productImage": [
                                        {
                                            "imageUrl": "https://assets.shop.loblaws.ca/products/21087137001/b2/en/front/21087137001_front_a06_@2.png",
                                            "smallUrl": "https://assets.shop.loblaws.ca/products/21087137001/b1/en/front/21087137001_front_a01_@2.png",
                                            "mediumUrl": "https://assets.shop.loblaws.ca/products/21087137001/b3/en/front/21087137001_front_a06_@2.png",
                                            "largeUrl": "https://assets.shop.loblaws.ca/products/21087137001/b2/en/front/21087137001_front_a06_@2.png",
                                            "smallRetinaUrl": "https://assets.shop.loblaws.ca/products/21087137001/b1/en/front/21087137001_front_a01_@2.png",
                                            "mediumRetinaUrl": "https://assets.shop.loblaws.ca/products/21087137001/b3/en/front/21087137001_front_a06_@2.png",
                                            "largeRetinaUrl": "https://assets.shop.loblaws.ca/products/21087137001/b2/en/front/21087137001_front_a06_@2.png"
                                        }
                                    ],
                                    "brand": null,
                                    "title": "Wonderful Pistachios, Shelled",
                                    "description": null,
                                    "packageSizing": "170 g, $5.88/100g",
                                    "pricing": {
                                        "price": "9.99",
                                        "wasPrice": null,
                                        "displayPrice": "$9.99",
                                        "memberOnlyPrice": null,
                                        "mopDisplayPrice": null
                                    },
                                    "pricingUnits": {
                                        "type": "SOLD_BY_EACH",
                                        "unit": "ea",
                                        "interval": 1,
                                        "minOrderQuantity": 1,
                                        "maxOrderQuantity": 25,
                                        "weighted": false
                                    },
                                    "deal": null,
                                    "mopDeal": null,
                                    "pcoDeal": null,
                                    "inventoryIndicator": null,
                                    "offerType": "OG",
                                    "offerId": "OG",
                                    "action": null,
                                    "isVariant": false,
                                    "link": "/wonderful-pistachios-shelled/p/21087137001_EA",
                                    "productVendor": null,
                                    "productVariant": null,
                                    "textBadge": "",
                                    "variantTheme": null,
                                    "articleNumber": "21087137001",
                                    "uom": "EA",
                                    "sponsoredCreative": null,
                                    "isSponsored": false,
                                    "isComplementarySponsored": false,
                                    "complementarySponsoredBadgeText": null,
                                    "productBadge": null
                                },
                                {
                                    "index": 21,
                                    "productId": "21469201_EA",
                                    "productImage": [
                                        {
                                            "imageUrl": "https://assets.shop.loblaws.ca/products/21469201/b2/en/front/21469201_front_a06_@2.png",
                                            "smallUrl": "https://assets.shop.loblaws.ca/products/21469201/b1/en/front/21469201_front_a01_@2.png",
                                            "mediumUrl": "https://assets.shop.loblaws.ca/products/21469201/b3/en/front/21469201_front_a06_@2.png",
                                            "largeUrl": "https://assets.shop.loblaws.ca/products/21469201/b2/en/front/21469201_front_a06_@2.png",
                                            "smallRetinaUrl": "https://assets.shop.loblaws.ca/products/21469201/b1/en/front/21469201_front_a01_@2.png",
                                            "mediumRetinaUrl": "https://assets.shop.loblaws.ca/products/21469201/b3/en/front/21469201_front_a06_@2.png",
                                            "largeRetinaUrl": "https://assets.shop.loblaws.ca/products/21469201/b2/en/front/21469201_front_a06_@2.png"
                                        },
                                        {
                                            "imageUrl": "https://assets.shop.loblaws.ca/products/21469201/b2/en/angle/21469201_angle_a06_@2.png",
                                            "smallUrl": "https://assets.shop.loblaws.ca/products/21469201/b1/en/angle/21469201_angle_a01_@2.png",
                                            "mediumUrl": "https://assets.shop.loblaws.ca/products/21469201/b3/en/angle/21469201_angle_a06_@2.png",
                                            "largeUrl": "https://assets.shop.loblaws.ca/products/21469201/b2/en/angle/21469201_angle_a06_@2.png",
                                            "smallRetinaUrl": "https://assets.shop.loblaws.ca/products/21469201/b1/en/angle/21469201_angle_a01_@2.png",
                                            "mediumRetinaUrl": "https://assets.shop.loblaws.ca/products/21469201/b3/en/angle/21469201_angle_a06_@2.png",
                                            "largeRetinaUrl": "https://assets.shop.loblaws.ca/products/21469201/b2/en/angle/21469201_angle_a06_@2.png"
                                        }
                                    ],
                                    "brand": "President's Choice",
                                    "title": "Dry-Roasted Sea Salt Pistachios",
                                    "description": "<p>Pistachios can be impenetrable\u2014they make you labour for their love. Not anymore. Introducing our roasted pistachios, now conveniently without the shells. Flavoured and dry roasted, they\u2019re ready to go from the bag to your mouth, no shell-wrestling required. Your fingers will thank you!   </p>",
                                    "packageSizing": "170 g, $5.29/100g",
                                    "pricing": {
                                        "price": "8.99",
                                        "wasPrice": null,
                                        "displayPrice": "$8.99",
                                        "memberOnlyPrice": null,
                                        "mopDisplayPrice": null
                                    },
                                    "pricingUnits": {
                                        "type": "SOLD_BY_EACH",
                                        "unit": "ea",
                                        "interval": 1,
                                        "minOrderQuantity": 1,
                                        "maxOrderQuantity": 25,
                                        "weighted": false
                                    },
                                    "deal": null,
                                    "mopDeal": null,
                                    "pcoDeal": null,
                                    "inventoryIndicator": null,
                                    "offerType": "OG",
                                    "offerId": "OG",
                                    "action": null,
                                    "isVariant": false,
                                    "link": "/dry-roasted-sea-salt-pistachios/p/21469201_EA",
                                    "productVendor": null,
                                    "productVariant": null,
                                    "textBadge": "",
                                    "variantTheme": null,
                                    "articleNumber": "21469201",
                                    "uom": "EA",
                                    "sponsoredCreative": null,
                                    "isSponsored": false,
                                    "isComplementarySponsored": false,
                                    "complementarySponsoredBadgeText": null,
                                    "productBadge": null
                                },
                                {
                                    "index": 22,
                                    "productId": "21097786001_EA",
                                    "productImage": [
                                        {
                                            "imageUrl": "https://assets.shop.loblaws.ca/products/21097786001/b2/en/front/21097786001_front_a06_@2.png",
                                            "smallUrl": "https://assets.shop.loblaws.ca/products/21097786001/b1/en/front/21097786001_front_a01_@2.png",
                                            "mediumUrl": "https://assets.shop.loblaws.ca/products/21097786001/b3/en/front/21097786001_front_a06_@2.png",
                                            "largeUrl": "https://assets.shop.loblaws.ca/products/21097786001/b2/en/front/21097786001_front_a06_@2.png",
                                            "smallRetinaUrl": "https://assets.shop.loblaws.ca/products/21097786001/b1/en/front/21097786001_front_a01_@2.png",
                                            "mediumRetinaUrl": "https://assets.shop.loblaws.ca/products/21097786001/b3/en/front/21097786001_front_a06_@2.png",
                                            "largeRetinaUrl": "https://assets.shop.loblaws.ca/products/21097786001/b2/en/front/21097786001_front_a06_@2.png"
                                        },
                                        {
                                            "imageUrl": "https://assets.shop.loblaws.ca/products/21097786001/b2/en/angle/21097786001_angle_a06_@2.png",
                                            "smallUrl": "https://assets.shop.loblaws.ca/products/21097786001/b1/en/angle/21097786001_angle_a01_@2.png",
                                            "mediumUrl": "https://assets.shop.loblaws.ca/products/21097786001/b3/en/angle/21097786001_angle_a06_@2.png",
                                            "largeUrl": "https://assets.shop.loblaws.ca/products/21097786001/b2/en/angle/21097786001_angle_a06_@2.png",
                                            "smallRetinaUrl": "https://assets.shop.loblaws.ca/products/21097786001/b1/en/angle/21097786001_angle_a01_@2.png",
                                            "mediumRetinaUrl": "https://assets.shop.loblaws.ca/products/21097786001/b3/en/angle/21097786001_angle_a06_@2.png",
                                            "largeRetinaUrl": "https://assets.shop.loblaws.ca/products/21097786001/b2/en/angle/21097786001_angle_a06_@2.png"
                                        },
                                        {
                                            "imageUrl": "https://assets.shop.loblaws.ca/products/21097786001/b2/en/side/21097786001_side_a06_@2.png",
                                            "smallUrl": "https://assets.shop.loblaws.ca/products/21097786001/b1/en/side/21097786001_side_a01_@2.png",
                                            "mediumUrl": "https://assets.shop.loblaws.ca/products/21097786001/b3/en/side/21097786001_side_a06_@2.png",
                                            "largeUrl": "https://assets.shop.loblaws.ca/products/21097786001/b2/en/side/21097786001_side_a06_@2.png",
                                            "smallRetinaUrl": "https://assets.shop.loblaws.ca/products/21097786001/b1/en/side/21097786001_side_a01_@2.png",
                                            "mediumRetinaUrl": "https://assets.shop.loblaws.ca/products/21097786001/b3/en/side/21097786001_side_a06_@2.png",
                                            "largeRetinaUrl": "https://assets.shop.loblaws.ca/products/21097786001/b2/en/side/21097786001_side_a06_@2.png"
                                        }
                                    ],
                                    "brand": null,
                                    "title": "Bard Valley Natural Delights Pitted Medjool Dates",
                                    "description": null,
                                    "packageSizing": "340 g, $3.53/100g",
                                    "pricing": {
                                        "price": "11.99",
                                        "wasPrice": null,
                                        "displayPrice": "$11.99",
                                        "memberOnlyPrice": null,
                                        "mopDisplayPrice": null
                                    },
                                    "pricingUnits": {
                                        "type": "SOLD_BY_EACH",
                                        "unit": "ea",
                                        "interval": 1,
                                        "minOrderQuantity": 1,
                                        "maxOrderQuantity": 25,
                                        "weighted": false
                                    },
                                    "deal": null,
                                    "mopDeal": null,
                                    "pcoDeal": null,
                                    "inventoryIndicator": null,
                                    "offerType": "OG",
                                    "offerId": "OG",
                                    "action": null,
                                    "isVariant": false,
                                    "link": "/bard-valley-natural-delights-pitted-medjool-dates/p/21097786001_EA",
                                    "productVendor": null,
                                    "productVariant": null,
                                    "textBadge": "",
                                    "variantTheme": null,
                                    "articleNumber": "21097786001",
                                    "uom": "EA",
                                    "sponsoredCreative": null,
                                    "isSponsored": false,
                                    "isComplementarySponsored": false,
                                    "complementarySponsoredBadgeText": null,
                                    "productBadge": null
                                },
                                {
                                    "index": 23,
                                    "productId": "20029024_EA",
                                    "productImage": [
                                        {
                                            "imageUrl": "https://assets.shop.loblaws.ca/products/20029024/b2/en/front/20029024_front_a06_@2.png",
                                            "smallUrl": "https://assets.shop.loblaws.ca/products/20029024/b1/en/front/20029024_front_a01_@2.png",
                                            "mediumUrl": "https://assets.shop.loblaws.ca/products/20029024/b3/en/front/20029024_front_a06_@2.png",
                                            "largeUrl": "https://assets.shop.loblaws.ca/products/20029024/b2/en/front/20029024_front_a06_@2.png",
                                            "smallRetinaUrl": "https://assets.shop.loblaws.ca/products/20029024/b1/en/front/20029024_front_a01_@2.png",
                                            "mediumRetinaUrl": "https://assets.shop.loblaws.ca/products/20029024/b3/en/front/20029024_front_a06_@2.png",
                                            "largeRetinaUrl": "https://assets.shop.loblaws.ca/products/20029024/b2/en/front/20029024_front_a06_@2.png"
                                        }
                                    ],
                                    "brand": null,
                                    "title": "Honey Pitted Dates",
                                    "description": "Dates are the fruit from date palm trees. When dried, dates are sweet with a thin, slightly shrivelled skin and chewy texture. They are often used to make muffins, chutneys, and date squares, but you can also wrap pitted dates with bacon for a quick and easy appetizer.",
                                    "packageSizing": "350 g, $1.43/100g",
                                    "pricing": {
                                        "price": "4.99",
                                        "wasPrice": null,
                                        "displayPrice": "$4.99",
                                        "memberOnlyPrice": null,
                                        "mopDisplayPrice": null
                                    },
                                    "pricingUnits": {
                                        "type": "SOLD_BY_EACH",
                                        "unit": "ea",
                                        "interval": 1,
                                        "minOrderQuantity": 1,
                                        "maxOrderQuantity": 25,
                                        "weighted": false
                                    },
                                    "deal": null,
                                    "mopDeal": null,
                                    "pcoDeal": null,
                                    "inventoryIndicator": null,
                                    "offerType": "OG",
                                    "offerId": "OG",
                                    "action": null,
                                    "isVariant": false,
                                    "link": "/honey-pitted-dates/p/20029024_EA",
                                    "productVendor": null,
                                    "productVariant": null,
                                    "textBadge": "",
                                    "variantTheme": null,
                                    "articleNumber": "20029024",
                                    "uom": "EA",
                                    "sponsoredCreative": null,
                                    "isSponsored": false,
                                    "isComplementarySponsored": false,
                                    "complementarySponsoredBadgeText": null,
                                    "productBadge": null
                                },
                                {
                                    "index": 24,
                                    "productId": "20123893001_KG",
                                    "productImage": [
                                        {
                                            "imageUrl": "https://assets.shop.loblaws.ca/products/20123893001/b2/en/front/20123893001_front_a06_@2.png",
                                            "smallUrl": "https://assets.shop.loblaws.ca/products/20123893001/b1/en/front/20123893001_front_a01_@2.png",
                                            "mediumUrl": "https://assets.shop.loblaws.ca/products/20123893001/b3/en/front/20123893001_front_a06_@2.png",
                                            "largeUrl": "https://assets.shop.loblaws.ca/products/20123893001/b2/en/front/20123893001_front_a06_@2.png",
                                            "smallRetinaUrl": "https://assets.shop.loblaws.ca/products/20123893001/b1/en/front/20123893001_front_a01_@2.png",
                                            "mediumRetinaUrl": "https://assets.shop.loblaws.ca/products/20123893001/b3/en/front/20123893001_front_a06_@2.png",
                                            "largeRetinaUrl": "https://assets.shop.loblaws.ca/products/20123893001/b2/en/front/20123893001_front_a06_@2.png"
                                        }
                                    ],
                                    "brand": null,
                                    "title": "Walnuts",
                                    "description": "Walnuts are tree nuts that range in size and have thick or thin shells depending on the variety. Shelled walnuts can be used in a variety of sweet and savoury recipes or enjoyed as a snack with other nuts and dried fruit.",
                                    "packageSizing": "$0.99/100g $9.90/1kg",
                                    "pricing": {
                                        "price": "0.50",
                                        "wasPrice": null,
                                        "displayPrice": "$0.50",
                                        "memberOnlyPrice": null,
                                        "mopDisplayPrice": null
                                    },
                                    "pricingUnits": {
                                        "type": "SOLD_BY_WEIGHT",
                                        "unit": "g",
                                        "interval": 50,
                                        "minOrderQuantity": 50,
                                        "maxOrderQuantity": 999,
                                        "weighted": true
                                    },
                                    "deal": null,
                                    "mopDeal": null,
                                    "pcoDeal": null,
                                    "inventoryIndicator": {
                                        "indicatorId": "OUT",
                                        "text": "Out of Stock"
                                    },
                                    "offerType": "OG",
                                    "offerId": "OG",
                                    "action": null,
                                    "isVariant": false,
                                    "link": "/walnuts/p/20123893001_KG",
                                    "productVendor": null,
                                    "productVariant": null,
                                    "textBadge": "out-of-stock",
                                    "variantTheme": null,
                                    "articleNumber": "20123893001",
                                    "uom": "KG",
                                    "sponsoredCreative": null,
                                    "isSponsored": false,
                                    "isComplementarySponsored": false,
                                    "complementarySponsoredBadgeText": null,
                                    "productBadge": null
                                },
                                {
                                    "index": 25,
                                    "productId": "21368101_EA",
                                    "productImage": [
                                        {
                                            "imageUrl": "https://assets.shop.loblaws.ca/products/21368101/b2/en/front/21368101_front_a06_@2.png",
                                            "smallUrl": "https://assets.shop.loblaws.ca/products/21368101/b1/en/front/21368101_front_a01_@2.png",
                                            "mediumUrl": "https://assets.shop.loblaws.ca/products/21368101/b3/en/front/21368101_front_a06_@2.png",
                                            "largeUrl": "https://assets.shop.loblaws.ca/products/21368101/b2/en/front/21368101_front_a06_@2.png",
                                            "smallRetinaUrl": "https://assets.shop.loblaws.ca/products/21368101/b1/en/front/21368101_front_a01_@2.png",
                                            "mediumRetinaUrl": "https://assets.shop.loblaws.ca/products/21368101/b3/en/front/21368101_front_a06_@2.png",
                                            "largeRetinaUrl": "https://assets.shop.loblaws.ca/products/21368101/b2/en/front/21368101_front_a06_@2.png"
                                        }
                                    ],
                                    "brand": "Paramount",
                                    "title": "No shell Pistachios, Sea Salt & Vinegar",
                                    "description": null,
                                    "packageSizing": "155 g, $6.45/100g",
                                    "pricing": {
                                        "price": "9.99",
                                        "wasPrice": null,
                                        "displayPrice": "$9.99",
                                        "memberOnlyPrice": null,
                                        "mopDisplayPrice": null
                                    },
                                    "pricingUnits": {
                                        "type": "SOLD_BY_EACH",
                                        "unit": "ea",
                                        "interval": 1,
                                        "minOrderQuantity": 1,
                                        "maxOrderQuantity": 25,
                                        "weighted": false
                                    },
                                    "deal": null,
                                    "mopDeal": null,
                                    "pcoDeal": null,
                                    "inventoryIndicator": null,
                                    "offerType": "OG",
                                    "offerId": "OG",
                                    "action": null,
                                    "isVariant": false,
                                    "link": "/no-shell-pistachios-sea-salt-vinegar/p/21368101_EA",
                                    "productVendor": null,
                                    "productVariant": null,
                                    "textBadge": "",
                                    "variantTheme": null,
                                    "articleNumber": "21368101",
                                    "uom": "EA",
                                    "sponsoredCreative": null,
                                    "isSponsored": false,
                                    "isComplementarySponsored": false,
                                    "complementarySponsoredBadgeText": null,
                                    "productBadge": null
                                },
                                {
                                    "index": 26,
                                    "productId": "21220373_EA",
                                    "productImage": [
                                        {
                                            "imageUrl": "https://assets.shop.loblaws.ca/products/21220373/b2/en/front/21220373_front_a06_@2.png",
                                            "smallUrl": "https://assets.shop.loblaws.ca/products/21220373/b1/en/front/21220373_front_a01_@2.png",
                                            "mediumUrl": "https://assets.shop.loblaws.ca/products/21220373/b3/en/front/21220373_front_a06_@2.png",
                                            "largeUrl": "https://assets.shop.loblaws.ca/products/21220373/b2/en/front/21220373_front_a06_@2.png",
                                            "smallRetinaUrl": "https://assets.shop.loblaws.ca/products/21220373/b1/en/front/21220373_front_a01_@2.png",
                                            "mediumRetinaUrl": "https://assets.shop.loblaws.ca/products/21220373/b3/en/front/21220373_front_a06_@2.png",
                                            "largeRetinaUrl": "https://assets.shop.loblaws.ca/products/21220373/b2/en/front/21220373_front_a06_@2.png"
                                        }
                                    ],
                                    "brand": "Paramount",
                                    "title": "Pistachios No Shells Chili Roasted",
                                    "description": null,
                                    "packageSizing": "155 g, $6.45/100g",
                                    "pricing": {
                                        "price": "9.99",
                                        "wasPrice": null,
                                        "displayPrice": "$9.99",
                                        "memberOnlyPrice": null,
                                        "mopDisplayPrice": null
                                    },
                                    "pricingUnits": {
                                        "type": "SOLD_BY_EACH",
                                        "unit": "ea",
                                        "interval": 1,
                                        "minOrderQuantity": 1,
                                        "maxOrderQuantity": 25,
                                        "weighted": false
                                    },
                                    "deal": null,
                                    "mopDeal": null,
                                    "pcoDeal": null,
                                    "inventoryIndicator": null,
                                    "offerType": "OG",
                                    "offerId": "OG",
                                    "action": null,
                                    "isVariant": false,
                                    "link": "/pistachios-no-shells-chili-roasted/p/21220373_EA",
                                    "productVendor": null,
                                    "productVariant": null,
                                    "textBadge": "",
                                    "variantTheme": null,
                                    "articleNumber": "21220373",
                                    "uom": "EA",
                                    "sponsoredCreative": null,
                                    "isSponsored": false,
                                    "isComplementarySponsored": false,
                                    "complementarySponsoredBadgeText": null,
                                    "productBadge": null
                                },
                                {
                                    "index": 27,
                                    "productId": "21018439_EA",
                                    "productImage": [
                                        {
                                            "imageUrl": "https://assets.shop.loblaws.ca/products/21018439/b2/en/front/21018439_front_a06_@2.png",
                                            "smallUrl": "https://assets.shop.loblaws.ca/products/21018439/b1/en/front/21018439_front_a01_@2.png",
                                            "mediumUrl": "https://assets.shop.loblaws.ca/products/21018439/b3/en/front/21018439_front_a06_@2.png",
                                            "largeUrl": "https://assets.shop.loblaws.ca/products/21018439/b2/en/front/21018439_front_a06_@2.png",
                                            "smallRetinaUrl": "https://assets.shop.loblaws.ca/products/21018439/b1/en/front/21018439_front_a01_@2.png",
                                            "mediumRetinaUrl": "https://assets.shop.loblaws.ca/products/21018439/b3/en/front/21018439_front_a06_@2.png",
                                            "largeRetinaUrl": "https://assets.shop.loblaws.ca/products/21018439/b2/en/front/21018439_front_a06_@2.png"
                                        },
                                        {
                                            "imageUrl": "https://assets.shop.loblaws.ca/products/21018439/b2/en/angle/21018439_angle_a06_@2.png",
                                            "smallUrl": "https://assets.shop.loblaws.ca/products/21018439/b1/en/angle/21018439_angle_a01_@2.png",
                                            "mediumUrl": "https://assets.shop.loblaws.ca/products/21018439/b3/en/angle/21018439_angle_a06_@2.png",
                                            "largeUrl": "https://assets.shop.loblaws.ca/products/21018439/b2/en/angle/21018439_angle_a06_@2.png",
                                            "smallRetinaUrl": "https://assets.shop.loblaws.ca/products/21018439/b1/en/angle/21018439_angle_a01_@2.png",
                                            "mediumRetinaUrl": "https://assets.shop.loblaws.ca/products/21018439/b3/en/angle/21018439_angle_a06_@2.png",
                                            "largeRetinaUrl": "https://assets.shop.loblaws.ca/products/21018439/b2/en/angle/21018439_angle_a06_@2.png"
                                        },
                                        {
                                            "imageUrl": "https://assets.shop.loblaws.ca/products/21018439/b2/en/side/21018439_side_a06_@2.png",
                                            "smallUrl": "https://assets.shop.loblaws.ca/products/21018439/b1/en/side/21018439_side_a01_@2.png",
                                            "mediumUrl": "https://assets.shop.loblaws.ca/products/21018439/b3/en/side/21018439_side_a06_@2.png",
                                            "largeUrl": "https://assets.shop.loblaws.ca/products/21018439/b2/en/side/21018439_side_a06_@2.png",
                                            "smallRetinaUrl": "https://assets.shop.loblaws.ca/products/21018439/b1/en/side/21018439_side_a01_@2.png",
                                            "mediumRetinaUrl": "https://assets.shop.loblaws.ca/products/21018439/b3/en/side/21018439_side_a06_@2.png",
                                            "largeRetinaUrl": "https://assets.shop.loblaws.ca/products/21018439/b2/en/side/21018439_side_a06_@2.png"
                                        }
                                    ],
                                    "brand": "Paramount",
                                    "title": "Pistachios, Roasted & Unsalted",
                                    "description": null,
                                    "packageSizing": "225 g, $2.88/100g",
                                    "pricing": {
                                        "price": "6.49",
                                        "wasPrice": null,
                                        "displayPrice": "$6.49",
                                        "memberOnlyPrice": null,
                                        "mopDisplayPrice": null
                                    },
                                    "pricingUnits": {
                                        "type": "SOLD_BY_EACH",
                                        "unit": "ea",
                                        "interval": 1,
                                        "minOrderQuantity": 1,
                                        "maxOrderQuantity": 25,
                                        "weighted": false
                                    },
                                    "deal": null,
                                    "mopDeal": null,
                                    "pcoDeal": null,
                                    "inventoryIndicator": {
                                        "indicatorId": "OUT",
                                        "text": "Out of Stock"
                                    },
                                    "offerType": "OG",
                                    "offerId": "OG",
                                    "action": null,
                                    "isVariant": false,
                                    "link": "/pistachios-roasted-unsalted/p/21018439_EA",
                                    "productVendor": null,
                                    "productVariant": null,
                                    "textBadge": "out-of-stock",
                                    "variantTheme": null,
                                    "articleNumber": "21018439",
                                    "uom": "EA",
                                    "sponsoredCreative": null,
                                    "isSponsored": false,
                                    "isComplementarySponsored": false,
                                    "complementarySponsoredBadgeText": null,
                                    "productBadge": null
                                },
                                {
                                    "index": 28,
                                    "productId": "20649802_EA",
                                    "productImage": [
                                        {
                                            "imageUrl": "https://assets.shop.loblaws.ca/products/20649802/b2/en/front/20649802_front_a06_@2.png",
                                            "smallUrl": "https://assets.shop.loblaws.ca/products/20649802/b1/en/front/20649802_front_a01_@2.png",
                                            "mediumUrl": "https://assets.shop.loblaws.ca/products/20649802/b3/en/front/20649802_front_a06_@2.png",
                                            "largeUrl": "https://assets.shop.loblaws.ca/products/20649802/b2/en/front/20649802_front_a06_@2.png",
                                            "smallRetinaUrl": "https://assets.shop.loblaws.ca/products/20649802/b1/en/front/20649802_front_a01_@2.png",
                                            "mediumRetinaUrl": "https://assets.shop.loblaws.ca/products/20649802/b3/en/front/20649802_front_a06_@2.png",
                                            "largeRetinaUrl": "https://assets.shop.loblaws.ca/products/20649802/b2/en/front/20649802_front_a06_@2.png"
                                        }
                                    ],
                                    "brand": "Aurora",
                                    "title": "Roasted Chestnuts",
                                    "description": null,
                                    "packageSizing": "100 g, $3.29/100g",
                                    "pricing": {
                                        "price": "3.29",
                                        "wasPrice": null,
                                        "displayPrice": "$3.29",
                                        "memberOnlyPrice": null,
                                        "mopDisplayPrice": null
                                    },
                                    "pricingUnits": {
                                        "type": "SOLD_BY_EACH",
                                        "unit": "ea",
                                        "interval": 1,
                                        "minOrderQuantity": 1,
                                        "maxOrderQuantity": 25,
                                        "weighted": false
                                    },
                                    "deal": null,
                                    "mopDeal": null,
                                    "pcoDeal": null,
                                    "inventoryIndicator": null,
                                    "offerType": "OG",
                                    "offerId": "OG",
                                    "action": null,
                                    "isVariant": false,
                                    "link": "/roasted-chestnuts/p/20649802_EA",
                                    "productVendor": null,
                                    "productVariant": null,
                                    "textBadge": "",
                                    "variantTheme": null,
                                    "articleNumber": "20649802",
                                    "uom": "EA",
                                    "sponsoredCreative": null,
                                    "isSponsored": false,
                                    "isComplementarySponsored": false,
                                    "complementarySponsoredBadgeText": null,
                                    "productBadge": null
                                },
                                {
                                    "index": 29,
                                    "productId": "21220375_EA",
                                    "productImage": [
                                        {
                                            "imageUrl": "https://assets.shop.loblaws.ca/products/21220375/b2/en/front/21220375_front_a06_@2.png",
                                            "smallUrl": "https://assets.shop.loblaws.ca/products/21220375/b1/en/front/21220375_front_a01_@2.png",
                                            "mediumUrl": "https://assets.shop.loblaws.ca/products/21220375/b3/en/front/21220375_front_a06_@2.png",
                                            "largeUrl": "https://assets.shop.loblaws.ca/products/21220375/b2/en/front/21220375_front_a06_@2.png",
                                            "smallRetinaUrl": "https://assets.shop.loblaws.ca/products/21220375/b1/en/front/21220375_front_a01_@2.png",
                                            "mediumRetinaUrl": "https://assets.shop.loblaws.ca/products/21220375/b3/en/front/21220375_front_a06_@2.png",
                                            "largeRetinaUrl": "https://assets.shop.loblaws.ca/products/21220375/b2/en/front/21220375_front_a06_@2.png"
                                        }
                                    ],
                                    "brand": "Paramount",
                                    "title": "Pistachios No Shells Honey Roasted",
                                    "description": null,
                                    "packageSizing": "155 g, $6.45/100g",
                                    "pricing": {
                                        "price": "9.99",
                                        "wasPrice": null,
                                        "displayPrice": "$9.99",
                                        "memberOnlyPrice": null,
                                        "mopDisplayPrice": null
                                    },
                                    "pricingUnits": {
                                        "type": "SOLD_BY_EACH",
                                        "unit": "ea",
                                        "interval": 1,
                                        "minOrderQuantity": 1,
                                        "maxOrderQuantity": 25,
                                        "weighted": false
                                    },
                                    "deal": null,
                                    "mopDeal": null,
                                    "pcoDeal": null,
                                    "inventoryIndicator": {
                                        "indicatorId": "OUT",
                                        "text": "Out of Stock"
                                    },
                                    "offerType": "OG",
                                    "offerId": "OG",
                                    "action": null,
                                    "isVariant": false,
                                    "link": "/pistachios-no-shells-honey-roasted/p/21220375_EA",
                                    "productVendor": null,
                                    "productVariant": null,
                                    "textBadge": "out-of-stock",
                                    "variantTheme": null,
                                    "articleNumber": "21220375",
                                    "uom": "EA",
                                    "sponsoredCreative": null,
                                    "isSponsored": false,
                                    "isComplementarySponsored": false,
                                    "complementarySponsoredBadgeText": null,
                                    "productBadge": null
                                },
                                {
                                    "index": 30,
                                    "productId": "21469218_EA",
                                    "productImage": [
                                        {
                                            "imageUrl": "https://assets.shop.loblaws.ca/products/21469218/b2/en/front/21469218_front_a06_@2.png",
                                            "smallUrl": "https://assets.shop.loblaws.ca/products/21469218/b1/en/front/21469218_front_a01_@2.png",
                                            "mediumUrl": "https://assets.shop.loblaws.ca/products/21469218/b3/en/front/21469218_front_a06_@2.png",
                                            "largeUrl": "https://assets.shop.loblaws.ca/products/21469218/b2/en/front/21469218_front_a06_@2.png",
                                            "smallRetinaUrl": "https://assets.shop.loblaws.ca/products/21469218/b1/en/front/21469218_front_a01_@2.png",
                                            "mediumRetinaUrl": "https://assets.shop.loblaws.ca/products/21469218/b3/en/front/21469218_front_a06_@2.png",
                                            "largeRetinaUrl": "https://assets.shop.loblaws.ca/products/21469218/b2/en/front/21469218_front_a06_@2.png"
                                        },
                                        {
                                            "imageUrl": "https://assets.shop.loblaws.ca/products/21469218/b2/en/angle/21469218_angle_a06_@2.png",
                                            "smallUrl": "https://assets.shop.loblaws.ca/products/21469218/b1/en/angle/21469218_angle_a01_@2.png",
                                            "mediumUrl": "https://assets.shop.loblaws.ca/products/21469218/b3/en/angle/21469218_angle_a06_@2.png",
                                            "largeUrl": "https://assets.shop.loblaws.ca/products/21469218/b2/en/angle/21469218_angle_a06_@2.png",
                                            "smallRetinaUrl": "https://assets.shop.loblaws.ca/products/21469218/b1/en/angle/21469218_angle_a01_@2.png",
                                            "mediumRetinaUrl": "https://assets.shop.loblaws.ca/products/21469218/b3/en/angle/21469218_angle_a06_@2.png",
                                            "largeRetinaUrl": "https://assets.shop.loblaws.ca/products/21469218/b2/en/angle/21469218_angle_a06_@2.png"
                                        }
                                    ],
                                    "brand": "President's Choice",
                                    "title": "Honey Roasted Pistachio",
                                    "description": "Pistachios can be impenetrable\u2014they make you labour for their love. Not anymore. Introducing our roasted pistachios, now conveniently without the shells. Dry roasted and tossed in an irresistible honey glaze, they\u2019re ready to go from the bag to your mouth, no shell-wrestling required. Your fingers will thank you!  ",
                                    "packageSizing": "155 g, $5.80/100g",
                                    "pricing": {
                                        "price": "8.99",
                                        "wasPrice": null,
                                        "displayPrice": "$8.99",
                                        "memberOnlyPrice": null,
                                        "mopDisplayPrice": null
                                    },
                                    "pricingUnits": {
                                        "type": "SOLD_BY_EACH",
                                        "unit": "ea",
                                        "interval": 1,
                                        "minOrderQuantity": 1,
                                        "maxOrderQuantity": 25,
                                        "weighted": false
                                    },
                                    "deal": null,
                                    "mopDeal": null,
                                    "pcoDeal": null,
                                    "inventoryIndicator": null,
                                    "offerType": "OG",
                                    "offerId": "OG",
                                    "action": null,
                                    "isVariant": false,
                                    "link": "/honey-roasted-pistachio/p/21469218_EA",
                                    "productVendor": null,
                                    "productVariant": null,
                                    "textBadge": "",
                                    "variantTheme": null,
                                    "articleNumber": "21469218",
                                    "uom": "EA",
                                    "sponsoredCreative": null,
                                    "isSponsored": false,
                                    "isComplementarySponsored": false,
                                    "complementarySponsoredBadgeText": null,
                                    "productBadge": null
                                },
                                {
                                    "index": 31,
                                    "productId": "21127686_EA",
                                    "productImage": [
                                        {
                                            "imageUrl": "https://assets.shop.loblaws.ca/products/21127686/b2/en/front/21127686_front_a06_@2.png",
                                            "smallUrl": "https://assets.shop.loblaws.ca/products/21127686/b1/en/front/21127686_front_a01_@2.png",
                                            "mediumUrl": "https://assets.shop.loblaws.ca/products/21127686/b3/en/front/21127686_front_a06_@2.png",
                                            "largeUrl": "https://assets.shop.loblaws.ca/products/21127686/b2/en/front/21127686_front_a06_@2.png",
                                            "smallRetinaUrl": "https://assets.shop.loblaws.ca/products/21127686/b1/en/front/21127686_front_a01_@2.png",
                                            "mediumRetinaUrl": "https://assets.shop.loblaws.ca/products/21127686/b3/en/front/21127686_front_a06_@2.png",
                                            "largeRetinaUrl": "https://assets.shop.loblaws.ca/products/21127686/b2/en/front/21127686_front_a06_@2.png"
                                        }
                                    ],
                                    "brand": "7D",
                                    "title": "Dried Mangos",
                                    "description": null,
                                    "packageSizing": "140 g, $7.14/100g",
                                    "pricing": {
                                        "price": "9.99",
                                        "wasPrice": null,
                                        "displayPrice": "$9.99",
                                        "memberOnlyPrice": null,
                                        "mopDisplayPrice": null
                                    },
                                    "pricingUnits": {
                                        "type": "SOLD_BY_EACH",
                                        "unit": "ea",
                                        "interval": 1,
                                        "minOrderQuantity": 1,
                                        "maxOrderQuantity": 25,
                                        "weighted": false
                                    },
                                    "deal": null,
                                    "mopDeal": null,
                                    "pcoDeal": null,
                                    "inventoryIndicator": {
                                        "indicatorId": "OUT",
                                        "text": "Out of Stock"
                                    },
                                    "offerType": "OG",
                                    "offerId": "OG",
                                    "action": null,
                                    "isVariant": false,
                                    "link": "/dried-mangos/p/21127686_EA",
                                    "productVendor": null,
                                    "productVariant": null,
                                    "textBadge": "out-of-stock",
                                    "variantTheme": null,
                                    "articleNumber": "21127686",
                                    "uom": "EA",
                                    "sponsoredCreative": null,
                                    "isSponsored": false,
                                    "isComplementarySponsored": false,
                                    "complementarySponsoredBadgeText": null,
                                    "productBadge": null
                                },
                                {
                                    "index": 32,
                                    "productId": "21368081_EA",
                                    "productImage": [
                                        {
                                            "imageUrl": "https://assets.shop.loblaws.ca/products/21368081/b2/en/front/21368081_front_a06_@2.png",
                                            "smallUrl": "https://assets.shop.loblaws.ca/products/21368081/b1/en/front/21368081_front_a01_@2.png",
                                            "mediumUrl": "https://assets.shop.loblaws.ca/products/21368081/b3/en/front/21368081_front_a06_@2.png",
                                            "largeUrl": "https://assets.shop.loblaws.ca/products/21368081/b2/en/front/21368081_front_a06_@2.png",
                                            "smallRetinaUrl": "https://assets.shop.loblaws.ca/products/21368081/b1/en/front/21368081_front_a01_@2.png",
                                            "mediumRetinaUrl": "https://assets.shop.loblaws.ca/products/21368081/b3/en/front/21368081_front_a06_@2.png",
                                            "largeRetinaUrl": "https://assets.shop.loblaws.ca/products/21368081/b2/en/front/21368081_front_a06_@2.png"
                                        },
                                        {
                                            "imageUrl": "https://assets.shop.loblaws.ca/products/21368081/b2/en/angle/21368081_angle_a06_@2.png",
                                            "smallUrl": "https://assets.shop.loblaws.ca/products/21368081/b1/en/angle/21368081_angle_a01_@2.png",
                                            "mediumUrl": "https://assets.shop.loblaws.ca/products/21368081/b3/en/angle/21368081_angle_a06_@2.png",
                                            "largeUrl": "https://assets.shop.loblaws.ca/products/21368081/b2/en/angle/21368081_angle_a06_@2.png",
                                            "smallRetinaUrl": "https://assets.shop.loblaws.ca/products/21368081/b1/en/angle/21368081_angle_a01_@2.png",
                                            "mediumRetinaUrl": "https://assets.shop.loblaws.ca/products/21368081/b3/en/angle/21368081_angle_a06_@2.png",
                                            "largeRetinaUrl": "https://assets.shop.loblaws.ca/products/21368081/b2/en/angle/21368081_angle_a06_@2.png"
                                        },
                                        {
                                            "imageUrl": "https://assets.shop.loblaws.ca/products/21368081/b2/en/side/21368081_side_a06_@2.png",
                                            "smallUrl": "https://assets.shop.loblaws.ca/products/21368081/b1/en/side/21368081_side_a01_@2.png",
                                            "mediumUrl": "https://assets.shop.loblaws.ca/products/21368081/b3/en/side/21368081_side_a06_@2.png",
                                            "largeUrl": "https://assets.shop.loblaws.ca/products/21368081/b2/en/side/21368081_side_a06_@2.png",
                                            "smallRetinaUrl": "https://assets.shop.loblaws.ca/products/21368081/b1/en/side/21368081_side_a01_@2.png",
                                            "mediumRetinaUrl": "https://assets.shop.loblaws.ca/products/21368081/b3/en/side/21368081_side_a06_@2.png",
                                            "largeRetinaUrl": "https://assets.shop.loblaws.ca/products/21368081/b2/en/side/21368081_side_a06_@2.png"
                                        }
                                    ],
                                    "brand": "Paramount",
                                    "title": "Pistachios Lightly Salted",
                                    "description": null,
                                    "packageSizing": "450 g, $2.89/100g",
                                    "pricing": {
                                        "price": "12.99",
                                        "wasPrice": null,
                                        "displayPrice": "$12.99",
                                        "memberOnlyPrice": null,
                                        "mopDisplayPrice": null
                                    },
                                    "pricingUnits": {
                                        "type": "SOLD_BY_EACH",
                                        "unit": "ea",
                                        "interval": 1,
                                        "minOrderQuantity": 1,
                                        "maxOrderQuantity": 25,
                                        "weighted": false
                                    },
                                    "deal": null,
                                    "mopDeal": null,
                                    "pcoDeal": null,
                                    "inventoryIndicator": {
                                        "indicatorId": "OUT",
                                        "text": "Out of Stock"
                                    },
                                    "offerType": "OG",
                                    "offerId": "OG",
                                    "action": null,
                                    "isVariant": false,
                                    "link": "/pistachios-lightly-salted/p/21368081_EA",
                                    "productVendor": null,
                                    "productVariant": null,
                                    "textBadge": "out-of-stock",
                                    "variantTheme": null,
                                    "articleNumber": "21368081",
                                    "uom": "EA",
                                    "sponsoredCreative": null,
                                    "isSponsored": false,
                                    "isComplementarySponsored": false,
                                    "complementarySponsoredBadgeText": null,
                                    "productBadge": null
                                },
                                {
                                    "index": 33,
                                    "productId": "21076381001_EA",
                                    "productImage": [
                                        {
                                            "imageUrl": "https://assets.shop.loblaws.ca/products/21076381001/b2/en/front/21076381001_front_a06_@2.png",
                                            "smallUrl": "https://assets.shop.loblaws.ca/products/21076381001/b1/en/front/21076381001_front_a01_@2.png",
                                            "mediumUrl": "https://assets.shop.loblaws.ca/products/21076381001/b3/en/front/21076381001_front_a06_@2.png",
                                            "largeUrl": "https://assets.shop.loblaws.ca/products/21076381001/b2/en/front/21076381001_front_a06_@2.png",
                                            "smallRetinaUrl": "https://assets.shop.loblaws.ca/products/21076381001/b1/en/front/21076381001_front_a01_@2.png",
                                            "mediumRetinaUrl": "https://assets.shop.loblaws.ca/products/21076381001/b3/en/front/21076381001_front_a06_@2.png",
                                            "largeRetinaUrl": "https://assets.shop.loblaws.ca/products/21076381001/b2/en/front/21076381001_front_a06_@2.png"
                                        }
                                    ],
                                    "brand": null,
                                    "title": "Organic Dried Figs",
                                    "description": "Figs",
                                    "packageSizing": "250 g, $2.40/100g",
                                    "pricing": {
                                        "price": "5.99",
                                        "wasPrice": null,
                                        "displayPrice": "$5.99",
                                        "memberOnlyPrice": null,
                                        "mopDisplayPrice": null
                                    },
                                    "pricingUnits": {
                                        "type": "SOLD_BY_EACH",
                                        "unit": "ea",
                                        "interval": 1,
                                        "minOrderQuantity": 1,
                                        "maxOrderQuantity": 25,
                                        "weighted": false
                                    },
                                    "deal": null,
                                    "mopDeal": null,
                                    "pcoDeal": null,
                                    "inventoryIndicator": {
                                        "indicatorId": "OUT",
                                        "text": "Out of Stock"
                                    },
                                    "offerType": "OG",
                                    "offerId": "OG",
                                    "action": null,
                                    "isVariant": false,
                                    "link": "/organic-dried-figs/p/21076381001_EA",
                                    "productVendor": null,
                                    "productVariant": null,
                                    "textBadge": "out-of-stock",
                                    "variantTheme": null,
                                    "articleNumber": "21076381001",
                                    "uom": "EA",
                                    "sponsoredCreative": null,
                                    "isSponsored": false,
                                    "isComplementarySponsored": false,
                                    "complementarySponsoredBadgeText": null,
                                    "productBadge": null
                                },
                                {
                                    "index": 34,
                                    "productId": "21544715_EA",
                                    "productImage": [
                                        {
                                            "imageUrl": "https://assets.shop.loblaws.ca/products/21544715/b2/en/front/21544715_front_a06_@2.png",
                                            "smallUrl": "https://assets.shop.loblaws.ca/products/21544715/b1/en/front/21544715_front_a01_@2.png",
                                            "mediumUrl": "https://assets.shop.loblaws.ca/products/21544715/b3/en/front/21544715_front_a06_@2.png",
                                            "largeUrl": "https://assets.shop.loblaws.ca/products/21544715/b2/en/front/21544715_front_a06_@2.png",
                                            "smallRetinaUrl": "https://assets.shop.loblaws.ca/products/21544715/b1/en/front/21544715_front_a01_@2.png",
                                            "mediumRetinaUrl": "https://assets.shop.loblaws.ca/products/21544715/b3/en/front/21544715_front_a06_@2.png",
                                            "largeRetinaUrl": "https://assets.shop.loblaws.ca/products/21544715/b2/en/front/21544715_front_a06_@2.png"
                                        }
                                    ],
                                    "brand": "Paramount",
                                    "title": "Sea Salt & Pepper Pistachios No Shells",
                                    "description": null,
                                    "packageSizing": "155 g, $6.45/100g",
                                    "pricing": {
                                        "price": "9.99",
                                        "wasPrice": null,
                                        "displayPrice": "$9.99",
                                        "memberOnlyPrice": null,
                                        "mopDisplayPrice": null
                                    },
                                    "pricingUnits": {
                                        "type": "SOLD_BY_EACH",
                                        "unit": "ea",
                                        "interval": 1,
                                        "minOrderQuantity": 1,
                                        "maxOrderQuantity": 25,
                                        "weighted": false
                                    },
                                    "deal": null,
                                    "mopDeal": null,
                                    "pcoDeal": null,
                                    "inventoryIndicator": null,
                                    "offerType": "OG",
                                    "offerId": "OG",
                                    "action": null,
                                    "isVariant": false,
                                    "link": "/sea-salt-pepper-pistachios-no-shells/p/21544715_EA",
                                    "productVendor": null,
                                    "productVariant": null,
                                    "textBadge": "",
                                    "variantTheme": null,
                                    "articleNumber": "21544715",
                                    "uom": "EA",
                                    "sponsoredCreative": null,
                                    "isSponsored": false,
                                    "isComplementarySponsored": false,
                                    "complementarySponsoredBadgeText": null,
                                    "productBadge": null
                                },
                                {
                                    "index": 35,
                                    "productId": "21076380001_EA",
                                    "productImage": [
                                        {
                                            "imageUrl": "https://assets.shop.loblaws.ca/products/21076380001/b2/en/front/21076380001_front_a06_@2.png",
                                            "smallUrl": "https://assets.shop.loblaws.ca/products/21076380001/b1/en/front/21076380001_front_a01_@2.png",
                                            "mediumUrl": "https://assets.shop.loblaws.ca/products/21076380001/b3/en/front/21076380001_front_a06_@2.png",
                                            "largeUrl": "https://assets.shop.loblaws.ca/products/21076380001/b2/en/front/21076380001_front_a06_@2.png",
                                            "smallRetinaUrl": "https://assets.shop.loblaws.ca/products/21076380001/b1/en/front/21076380001_front_a01_@2.png",
                                            "mediumRetinaUrl": "https://assets.shop.loblaws.ca/products/21076380001/b3/en/front/21076380001_front_a06_@2.png",
                                            "largeRetinaUrl": "https://assets.shop.loblaws.ca/products/21076380001/b2/en/front/21076380001_front_a06_@2.png"
                                        }
                                    ],
                                    "brand": null,
                                    "title": "Organic Dried Apricots",
                                    "description": "Apricots",
                                    "packageSizing": "250 g, $2.60/100g",
                                    "pricing": {
                                        "price": "6.49",
                                        "wasPrice": null,
                                        "displayPrice": "$6.49",
                                        "memberOnlyPrice": null,
                                        "mopDisplayPrice": null
                                    },
                                    "pricingUnits": {
                                        "type": "SOLD_BY_EACH",
                                        "unit": "ea",
                                        "interval": 1,
                                        "minOrderQuantity": 1,
                                        "maxOrderQuantity": 25,
                                        "weighted": false
                                    },
                                    "deal": null,
                                    "mopDeal": null,
                                    "pcoDeal": null,
                                    "inventoryIndicator": {
                                        "indicatorId": "OUT",
                                        "text": "Out of Stock"
                                    },
                                    "offerType": "OG",
                                    "offerId": "OG",
                                    "action": null,
                                    "isVariant": false,
                                    "link": "/organic-dried-apricots/p/21076380001_EA",
                                    "productVendor": null,
                                    "productVariant": null,
                                    "textBadge": "out-of-stock",
                                    "variantTheme": null,
                                    "articleNumber": "21076380001",
                                    "uom": "EA",
                                    "sponsoredCreative": null,
                                    "isSponsored": false,
                                    "isComplementarySponsored": false,
                                    "complementarySponsoredBadgeText": null,
                                    "productBadge": null
                                },
                                {
                                    "index": 36,
                                    "productId": "21291694_EA",
                                    "productImage": [
                                        {
                                            "imageUrl": "https://assets.shop.loblaws.ca/products/21291694/b2/en/front/21291694_front_a06_@2.png",
                                            "smallUrl": "https://assets.shop.loblaws.ca/products/21291694/b1/en/front/21291694_front_a01_@2.png",
                                            "mediumUrl": "https://assets.shop.loblaws.ca/products/21291694/b3/en/front/21291694_front_a06_@2.png",
                                            "largeUrl": "https://assets.shop.loblaws.ca/products/21291694/b2/en/front/21291694_front_a06_@2.png",
                                            "smallRetinaUrl": "https://assets.shop.loblaws.ca/products/21291694/b1/en/front/21291694_front_a01_@2.png",
                                            "mediumRetinaUrl": "https://assets.shop.loblaws.ca/products/21291694/b3/en/front/21291694_front_a06_@2.png",
                                            "largeRetinaUrl": "https://assets.shop.loblaws.ca/products/21291694/b2/en/front/21291694_front_a06_@2.png"
                                        },
                                        {
                                            "imageUrl": "https://assets.shop.loblaws.ca/products/21291694/b2/en/angle/21291694_angle_a06_@2.png",
                                            "smallUrl": "https://assets.shop.loblaws.ca/products/21291694/b1/en/angle/21291694_angle_a01_@2.png",
                                            "mediumUrl": "https://assets.shop.loblaws.ca/products/21291694/b3/en/angle/21291694_angle_a06_@2.png",
                                            "largeUrl": "https://assets.shop.loblaws.ca/products/21291694/b2/en/angle/21291694_angle_a06_@2.png",
                                            "smallRetinaUrl": "https://assets.shop.loblaws.ca/products/21291694/b1/en/angle/21291694_angle_a01_@2.png",
                                            "mediumRetinaUrl": "https://assets.shop.loblaws.ca/products/21291694/b3/en/angle/21291694_angle_a06_@2.png",
                                            "largeRetinaUrl": "https://assets.shop.loblaws.ca/products/21291694/b2/en/angle/21291694_angle_a06_@2.png"
                                        },
                                        {
                                            "imageUrl": "https://assets.shop.loblaws.ca/products/21291694/b2/en/side/21291694_side_a06_@2.png",
                                            "smallUrl": "https://assets.shop.loblaws.ca/products/21291694/b1/en/side/21291694_side_a01_@2.png",
                                            "mediumUrl": "https://assets.shop.loblaws.ca/products/21291694/b3/en/side/21291694_side_a06_@2.png",
                                            "largeUrl": "https://assets.shop.loblaws.ca/products/21291694/b2/en/side/21291694_side_a06_@2.png",
                                            "smallRetinaUrl": "https://assets.shop.loblaws.ca/products/21291694/b1/en/side/21291694_side_a01_@2.png",
                                            "mediumRetinaUrl": "https://assets.shop.loblaws.ca/products/21291694/b3/en/side/21291694_side_a06_@2.png",
                                            "largeRetinaUrl": "https://assets.shop.loblaws.ca/products/21291694/b2/en/side/21291694_side_a06_@2.png"
                                        }
                                    ],
                                    "brand": null,
                                    "title": "Golden Figs",
                                    "description": null,
                                    "packageSizing": "227 g, $3.08/100g",
                                    "pricing": {
                                        "price": "6.99",
                                        "wasPrice": null,
                                        "displayPrice": "$6.99",
                                        "memberOnlyPrice": null,
                                        "mopDisplayPrice": null
                                    },
                                    "pricingUnits": {
                                        "type": "SOLD_BY_EACH",
                                        "unit": "ea",
                                        "interval": 1,
                                        "minOrderQuantity": 1,
                                        "maxOrderQuantity": 25,
                                        "weighted": false
                                    },
                                    "deal": null,
                                    "mopDeal": null,
                                    "pcoDeal": null,
                                    "inventoryIndicator": {
                                        "indicatorId": "OUT",
                                        "text": "Out of Stock"
                                    },
                                    "offerType": "OG",
                                    "offerId": "OG",
                                    "action": null,
                                    "isVariant": false,
                                    "link": "/golden-figs/p/21291694_EA",
                                    "productVendor": null,
                                    "productVariant": null,
                                    "textBadge": "out-of-stock",
                                    "variantTheme": null,
                                    "articleNumber": "21291694",
                                    "uom": "EA",
                                    "sponsoredCreative": null,
                                    "isSponsored": false,
                                    "isComplementarySponsored": false,
                                    "complementarySponsoredBadgeText": null,
                                    "productBadge": null
                                },
                                {
                                    "index": 37,
                                    "productId": "21368090_EA",
                                    "productImage": [
                                        {
                                            "imageUrl": "https://assets.shop.loblaws.ca/products/21368090/b2/en/front/21368090_front_a06_@2.png",
                                            "smallUrl": "https://assets.shop.loblaws.ca/products/21368090/b1/en/front/21368090_front_a01_@2.png",
                                            "mediumUrl": "https://assets.shop.loblaws.ca/products/21368090/b3/en/front/21368090_front_a06_@2.png",
                                            "largeUrl": "https://assets.shop.loblaws.ca/products/21368090/b2/en/front/21368090_front_a06_@2.png",
                                            "smallRetinaUrl": "https://assets.shop.loblaws.ca/products/21368090/b1/en/front/21368090_front_a01_@2.png",
                                            "mediumRetinaUrl": "https://assets.shop.loblaws.ca/products/21368090/b3/en/front/21368090_front_a06_@2.png",
                                            "largeRetinaUrl": "https://assets.shop.loblaws.ca/products/21368090/b2/en/front/21368090_front_a06_@2.png"
                                        }
                                    ],
                                    "brand": "Paramount",
                                    "title": "No shell BBQ Pistachios",
                                    "description": null,
                                    "packageSizing": "155 g, $6.45/100g",
                                    "pricing": {
                                        "price": "9.99",
                                        "wasPrice": null,
                                        "displayPrice": "$9.99",
                                        "memberOnlyPrice": null,
                                        "mopDisplayPrice": null
                                    },
                                    "pricingUnits": {
                                        "type": "SOLD_BY_EACH",
                                        "unit": "ea",
                                        "interval": 1,
                                        "minOrderQuantity": 1,
                                        "maxOrderQuantity": 25,
                                        "weighted": false
                                    },
                                    "deal": null,
                                    "mopDeal": null,
                                    "pcoDeal": null,
                                    "inventoryIndicator": null,
                                    "offerType": "OG",
                                    "offerId": "OG",
                                    "action": null,
                                    "isVariant": false,
                                    "link": "/no-shell-bbq-pistachios/p/21368090_EA",
                                    "productVendor": null,
                                    "productVariant": null,
                                    "textBadge": "",
                                    "variantTheme": null,
                                    "articleNumber": "21368090",
                                    "uom": "EA",
                                    "sponsoredCreative": null,
                                    "isSponsored": false,
                                    "isComplementarySponsored": false,
                                    "complementarySponsoredBadgeText": null,
                                    "productBadge": null
                                },
                                {
                                    "index": 38,
                                    "productId": "20024258_EA",
                                    "productImage": [
                                        {
                                            "imageUrl": "https://assets.shop.loblaws.ca/products/20024258/b2/en/front/20024258_front_a06_@2.png",
                                            "smallUrl": "https://assets.shop.loblaws.ca/products/20024258/b1/en/front/20024258_front_a01_@2.png",
                                            "mediumUrl": "https://assets.shop.loblaws.ca/products/20024258/b3/en/front/20024258_front_a06_@2.png",
                                            "largeUrl": "https://assets.shop.loblaws.ca/products/20024258/b2/en/front/20024258_front_a06_@2.png",
                                            "smallRetinaUrl": "https://assets.shop.loblaws.ca/products/20024258/b1/en/front/20024258_front_a01_@2.png",
                                            "mediumRetinaUrl": "https://assets.shop.loblaws.ca/products/20024258/b3/en/front/20024258_front_a06_@2.png",
                                            "largeRetinaUrl": "https://assets.shop.loblaws.ca/products/20024258/b2/en/front/20024258_front_a06_@2.png"
                                        }
                                    ],
                                    "brand": "Aurora",
                                    "title": "Sun Dried Kalamata Figs",
                                    "description": "<p>Greek dried figs. Kalamata natural dried type string.</p>",
                                    "packageSizing": "284 g, $1.76/100g",
                                    "pricing": {
                                        "price": "4.99",
                                        "wasPrice": null,
                                        "displayPrice": "$4.99",
                                        "memberOnlyPrice": null,
                                        "mopDisplayPrice": null
                                    },
                                    "pricingUnits": {
                                        "type": "SOLD_BY_EACH",
                                        "unit": "ea",
                                        "interval": 1,
                                        "minOrderQuantity": 1,
                                        "maxOrderQuantity": 25,
                                        "weighted": false
                                    },
                                    "deal": null,
                                    "mopDeal": null,
                                    "pcoDeal": null,
                                    "inventoryIndicator": {
                                        "indicatorId": "OUT",
                                        "text": "Out of Stock"
                                    },
                                    "offerType": "OG",
                                    "offerId": "OG",
                                    "action": null,
                                    "isVariant": false,
                                    "link": "/sun-dried-kalamata-figs/p/20024258_EA",
                                    "productVendor": null,
                                    "productVariant": null,
                                    "textBadge": "out-of-stock",
                                    "variantTheme": null,
                                    "articleNumber": "20024258",
                                    "uom": "EA",
                                    "sponsoredCreative": null,
                                    "isSponsored": false,
                                    "isComplementarySponsored": false,
                                    "complementarySponsoredBadgeText": null,
                                    "productBadge": null
                                },
                                {
                                    "index": 39,
                                    "productId": "21167824_EA",
                                    "productImage": [
                                        {
                                            "imageUrl": "https://assets.shop.loblaws.ca/products/21167824/b2/en/front/21167824_front_a06_@2.png",
                                            "smallUrl": "https://assets.shop.loblaws.ca/products/21167824/b1/en/front/21167824_front_a01_@2.png",
                                            "mediumUrl": "https://assets.shop.loblaws.ca/products/21167824/b3/en/front/21167824_front_a06_@2.png",
                                            "largeUrl": "https://assets.shop.loblaws.ca/products/21167824/b2/en/front/21167824_front_a06_@2.png",
                                            "smallRetinaUrl": "https://assets.shop.loblaws.ca/products/21167824/b1/en/front/21167824_front_a01_@2.png",
                                            "mediumRetinaUrl": "https://assets.shop.loblaws.ca/products/21167824/b3/en/front/21167824_front_a06_@2.png",
                                            "largeRetinaUrl": "https://assets.shop.loblaws.ca/products/21167824/b2/en/front/21167824_front_a06_@2.png"
                                        },
                                        {
                                            "imageUrl": "https://assets.shop.loblaws.ca/products/21167824/b2/en/angle/21167824_angle_a06_@2.png",
                                            "smallUrl": "https://assets.shop.loblaws.ca/products/21167824/b1/en/angle/21167824_angle_a01_@2.png",
                                            "mediumUrl": "https://assets.shop.loblaws.ca/products/21167824/b3/en/angle/21167824_angle_a06_@2.png",
                                            "largeUrl": "https://assets.shop.loblaws.ca/products/21167824/b2/en/angle/21167824_angle_a06_@2.png",
                                            "smallRetinaUrl": "https://assets.shop.loblaws.ca/products/21167824/b1/en/angle/21167824_angle_a01_@2.png",
                                            "mediumRetinaUrl": "https://assets.shop.loblaws.ca/products/21167824/b3/en/angle/21167824_angle_a06_@2.png",
                                            "largeRetinaUrl": "https://assets.shop.loblaws.ca/products/21167824/b2/en/angle/21167824_angle_a06_@2.png"
                                        },
                                        {
                                            "imageUrl": "https://assets.shop.loblaws.ca/products/21167824/b2/en/side/21167824_side_a06_@2.png",
                                            "smallUrl": "https://assets.shop.loblaws.ca/products/21167824/b1/en/side/21167824_side_a01_@2.png",
                                            "mediumUrl": "https://assets.shop.loblaws.ca/products/21167824/b3/en/side/21167824_side_a06_@2.png",
                                            "largeUrl": "https://assets.shop.loblaws.ca/products/21167824/b2/en/side/21167824_side_a06_@2.png",
                                            "smallRetinaUrl": "https://assets.shop.loblaws.ca/products/21167824/b1/en/side/21167824_side_a01_@2.png",
                                            "mediumRetinaUrl": "https://assets.shop.loblaws.ca/products/21167824/b3/en/side/21167824_side_a06_@2.png",
                                            "largeRetinaUrl": "https://assets.shop.loblaws.ca/products/21167824/b2/en/side/21167824_side_a06_@2.png"
                                        }
                                    ],
                                    "brand": null,
                                    "title": "Medjool Premium Chopped Dates",
                                    "description": null,
                                    "packageSizing": "340 g, $3.23/100g",
                                    "pricing": {
                                        "price": "10.99",
                                        "wasPrice": null,
                                        "displayPrice": "$10.99",
                                        "memberOnlyPrice": null,
                                        "mopDisplayPrice": null
                                    },
                                    "pricingUnits": {
                                        "type": "SOLD_BY_EACH",
                                        "unit": "ea",
                                        "interval": 1,
                                        "minOrderQuantity": 1,
                                        "maxOrderQuantity": 25,
                                        "weighted": false
                                    },
                                    "deal": null,
                                    "mopDeal": null,
                                    "pcoDeal": null,
                                    "inventoryIndicator": {
                                        "indicatorId": "OUT",
                                        "text": "Out of Stock"
                                    },
                                    "offerType": "OG",
                                    "offerId": "OG",
                                    "action": null,
                                    "isVariant": false,
                                    "link": "/medjool-premium-chopped-dates/p/21167824_EA",
                                    "productVendor": null,
                                    "productVariant": null,
                                    "textBadge": "out-of-stock",
                                    "variantTheme": null,
                                    "articleNumber": "21167824",
                                    "uom": "EA",
                                    "sponsoredCreative": null,
                                    "isSponsored": false,
                                    "isComplementarySponsored": false,
                                    "complementarySponsoredBadgeText": null,
                                    "productBadge": null
                                },
                                {
                                    "index": 40,
                                    "productId": "21000982_EA",
                                    "productImage": [
                                        {
                                            "imageUrl": "https://assets.shop.loblaws.ca/products/21000982/b2/en/front/21000982_front_a06_@2.png",
                                            "smallUrl": "https://assets.shop.loblaws.ca/products/21000982/b1/en/front/21000982_front_a01_@2.png",
                                            "mediumUrl": "https://assets.shop.loblaws.ca/products/21000982/b3/en/front/21000982_front_a06_@2.png",
                                            "largeUrl": "https://assets.shop.loblaws.ca/products/21000982/b2/en/front/21000982_front_a06_@2.png",
                                            "smallRetinaUrl": "https://assets.shop.loblaws.ca/products/21000982/b1/en/front/21000982_front_a01_@2.png",
                                            "mediumRetinaUrl": "https://assets.shop.loblaws.ca/products/21000982/b3/en/front/21000982_front_a06_@2.png",
                                            "largeRetinaUrl": "https://assets.shop.loblaws.ca/products/21000982/b2/en/front/21000982_front_a06_@2.png"
                                        }
                                    ],
                                    "brand": null,
                                    "title": "Pecans in Shell",
                                    "description": null,
                                    "packageSizing": "454 g, $1.76/100g",
                                    "pricing": {
                                        "price": "7.99",
                                        "wasPrice": null,
                                        "displayPrice": "$7.99",
                                        "memberOnlyPrice": null,
                                        "mopDisplayPrice": null
                                    },
                                    "pricingUnits": {
                                        "type": "SOLD_BY_EACH",
                                        "unit": "ea",
                                        "interval": 1,
                                        "minOrderQuantity": 1,
                                        "maxOrderQuantity": 25,
                                        "weighted": false
                                    },
                                    "deal": null,
                                    "mopDeal": null,
                                    "pcoDeal": null,
                                    "inventoryIndicator": {
                                        "indicatorId": "OUT",
                                        "text": "Out of Stock"
                                    },
                                    "offerType": "OG",
                                    "offerId": "OG",
                                    "action": null,
                                    "isVariant": false,
                                    "link": "/pecans-in-shell/p/21000982_EA",
                                    "productVendor": null,
                                    "productVariant": null,
                                    "textBadge": "out-of-stock",
                                    "variantTheme": null,
                                    "articleNumber": "21000982",
                                    "uom": "EA",
                                    "sponsoredCreative": null,
                                    "isSponsored": false,
                                    "isComplementarySponsored": false,
                                    "complementarySponsoredBadgeText": null,
                                    "productBadge": null
                                },
                                {
                                    "index": 41,
                                    "productId": "21421043_EA",
                                    "productImage": [
                                        {
                                            "imageUrl": "https://assets.shop.loblaws.ca/products/21421043/b2/en/front/21421043_front_a06_@2.png",
                                            "smallUrl": "https://assets.shop.loblaws.ca/products/21421043/b1/en/front/21421043_front_a01_@2.png",
                                            "mediumUrl": "https://assets.shop.loblaws.ca/products/21421043/b3/en/front/21421043_front_a06_@2.png",
                                            "largeUrl": "https://assets.shop.loblaws.ca/products/21421043/b2/en/front/21421043_front_a06_@2.png",
                                            "smallRetinaUrl": "https://assets.shop.loblaws.ca/products/21421043/b1/en/front/21421043_front_a01_@2.png",
                                            "mediumRetinaUrl": "https://assets.shop.loblaws.ca/products/21421043/b3/en/front/21421043_front_a06_@2.png",
                                            "largeRetinaUrl": "https://assets.shop.loblaws.ca/products/21421043/b2/en/front/21421043_front_a06_@2.png"
                                        },
                                        {
                                            "imageUrl": "https://assets.shop.loblaws.ca/products/21421043/b2/en/angle/21421043_angle_a06_@2.png",
                                            "smallUrl": "https://assets.shop.loblaws.ca/products/21421043/b1/en/angle/21421043_angle_a01_@2.png",
                                            "mediumUrl": "https://assets.shop.loblaws.ca/products/21421043/b3/en/angle/21421043_angle_a06_@2.png",
                                            "largeUrl": "https://assets.shop.loblaws.ca/products/21421043/b2/en/angle/21421043_angle_a06_@2.png",
                                            "smallRetinaUrl": "https://assets.shop.loblaws.ca/products/21421043/b1/en/angle/21421043_angle_a01_@2.png",
                                            "mediumRetinaUrl": "https://assets.shop.loblaws.ca/products/21421043/b3/en/angle/21421043_angle_a06_@2.png",
                                            "largeRetinaUrl": "https://assets.shop.loblaws.ca/products/21421043/b2/en/angle/21421043_angle_a06_@2.png"
                                        },
                                        {
                                            "imageUrl": "https://assets.shop.loblaws.ca/products/21421043/b2/en/side/21421043_side_a06_@2.png",
                                            "smallUrl": "https://assets.shop.loblaws.ca/products/21421043/b1/en/side/21421043_side_a01_@2.png",
                                            "mediumUrl": "https://assets.shop.loblaws.ca/products/21421043/b3/en/side/21421043_side_a06_@2.png",
                                            "largeUrl": "https://assets.shop.loblaws.ca/products/21421043/b2/en/side/21421043_side_a06_@2.png",
                                            "smallRetinaUrl": "https://assets.shop.loblaws.ca/products/21421043/b1/en/side/21421043_side_a01_@2.png",
                                            "mediumRetinaUrl": "https://assets.shop.loblaws.ca/products/21421043/b3/en/side/21421043_side_a06_@2.png",
                                            "largeRetinaUrl": "https://assets.shop.loblaws.ca/products/21421043/b2/en/side/21421043_side_a06_@2.png"
                                        }
                                    ],
                                    "brand": null,
                                    "title": "Mini Medjools Organic Cranberry Pistachio",
                                    "description": null,
                                    "packageSizing": "283 g, $3.53/100g",
                                    "pricing": {
                                        "price": "9.99",
                                        "wasPrice": null,
                                        "displayPrice": "$9.99",
                                        "memberOnlyPrice": null,
                                        "mopDisplayPrice": null
                                    },
                                    "pricingUnits": {
                                        "type": "SOLD_BY_EACH",
                                        "unit": "ea",
                                        "interval": 1,
                                        "minOrderQuantity": 1,
                                        "maxOrderQuantity": 25,
                                        "weighted": false
                                    },
                                    "deal": null,
                                    "mopDeal": null,
                                    "pcoDeal": null,
                                    "inventoryIndicator": {
                                        "indicatorId": "OUT",
                                        "text": "Out of Stock"
                                    },
                                    "offerType": "OG",
                                    "offerId": "OG",
                                    "action": null,
                                    "isVariant": false,
                                    "link": "/mini-medjools-organic-cranberry-pistachio/p/21421043_EA",
                                    "productVendor": null,
                                    "productVariant": null,
                                    "textBadge": "out-of-stock",
                                    "variantTheme": null,
                                    "articleNumber": "21421043",
                                    "uom": "EA",
                                    "sponsoredCreative": null,
                                    "isSponsored": false,
                                    "isComplementarySponsored": false,
                                    "complementarySponsoredBadgeText": null,
                                    "productBadge": null
                                },
                                {
                                    "index": 42,
                                    "productId": "21127567001_EA",
                                    "productImage": [
                                        {
                                            "imageUrl": "https://assets.shop.loblaws.ca/products/21127567001/b2/en/front/21127567001_front_a06_@2.png",
                                            "smallUrl": "https://assets.shop.loblaws.ca/products/21127567001/b1/en/front/21127567001_front_a01_@2.png",
                                            "mediumUrl": "https://assets.shop.loblaws.ca/products/21127567001/b3/en/front/21127567001_front_a06_@2.png",
                                            "largeUrl": "https://assets.shop.loblaws.ca/products/21127567001/b2/en/front/21127567001_front_a06_@2.png",
                                            "smallRetinaUrl": "https://assets.shop.loblaws.ca/products/21127567001/b1/en/front/21127567001_front_a01_@2.png",
                                            "mediumRetinaUrl": "https://assets.shop.loblaws.ca/products/21127567001/b3/en/front/21127567001_front_a06_@2.png",
                                            "largeRetinaUrl": "https://assets.shop.loblaws.ca/products/21127567001/b2/en/front/21127567001_front_a06_@2.png"
                                        },
                                        {
                                            "imageUrl": "https://assets.shop.loblaws.ca/products/21127567001/b2/en/angle/21127567001_angle_a06_@2.png",
                                            "smallUrl": "https://assets.shop.loblaws.ca/products/21127567001/b1/en/angle/21127567001_angle_a01_@2.png",
                                            "mediumUrl": "https://assets.shop.loblaws.ca/products/21127567001/b3/en/angle/21127567001_angle_a06_@2.png",
                                            "largeUrl": "https://assets.shop.loblaws.ca/products/21127567001/b2/en/angle/21127567001_angle_a06_@2.png",
                                            "smallRetinaUrl": "https://assets.shop.loblaws.ca/products/21127567001/b1/en/angle/21127567001_angle_a01_@2.png",
                                            "mediumRetinaUrl": "https://assets.shop.loblaws.ca/products/21127567001/b3/en/angle/21127567001_angle_a06_@2.png",
                                            "largeRetinaUrl": "https://assets.shop.loblaws.ca/products/21127567001/b2/en/angle/21127567001_angle_a06_@2.png"
                                        },
                                        {
                                            "imageUrl": "https://assets.shop.loblaws.ca/products/21127567001/b2/en/side/21127567001_side_a06_@2.png",
                                            "smallUrl": "https://assets.shop.loblaws.ca/products/21127567001/b1/en/side/21127567001_side_a01_@2.png",
                                            "mediumUrl": "https://assets.shop.loblaws.ca/products/21127567001/b3/en/side/21127567001_side_a06_@2.png",
                                            "largeUrl": "https://assets.shop.loblaws.ca/products/21127567001/b2/en/side/21127567001_side_a06_@2.png",
                                            "smallRetinaUrl": "https://assets.shop.loblaws.ca/products/21127567001/b1/en/side/21127567001_side_a01_@2.png",
                                            "mediumRetinaUrl": "https://assets.shop.loblaws.ca/products/21127567001/b3/en/side/21127567001_side_a06_@2.png",
                                            "largeRetinaUrl": "https://assets.shop.loblaws.ca/products/21127567001/b2/en/side/21127567001_side_a06_@2.png"
                                        }
                                    ],
                                    "brand": "Paramount",
                                    "title": "Wonderful Pistachios, Raw",
                                    "description": null,
                                    "packageSizing": "450 g, $2.89/100g",
                                    "pricing": {
                                        "price": "12.99",
                                        "wasPrice": null,
                                        "displayPrice": "$12.99",
                                        "memberOnlyPrice": null,
                                        "mopDisplayPrice": null
                                    },
                                    "pricingUnits": {
                                        "type": "SOLD_BY_EACH",
                                        "unit": "ea",
                                        "interval": 1,
                                        "minOrderQuantity": 1,
                                        "maxOrderQuantity": 25,
                                        "weighted": false
                                    },
                                    "deal": null,
                                    "mopDeal": null,
                                    "pcoDeal": null,
                                    "inventoryIndicator": {
                                        "indicatorId": "OUT",
                                        "text": "Out of Stock"
                                    },
                                    "offerType": "OG",
                                    "offerId": "OG",
                                    "action": null,
                                    "isVariant": false,
                                    "link": "/wonderful-pistachios-raw/p/21127567001_EA",
                                    "productVendor": null,
                                    "productVariant": null,
                                    "textBadge": "out-of-stock",
                                    "variantTheme": null,
                                    "articleNumber": "21127567001",
                                    "uom": "EA",
                                    "sponsoredCreative": null,
                                    "isSponsored": false,
                                    "isComplementarySponsored": false,
                                    "complementarySponsoredBadgeText": null,
                                    "productBadge": null
                                },
                                {
                                    "index": 43,
                                    "productId": "20047869_EA",
                                    "productImage": [
                                        {
                                            "imageUrl": "https://assets.shop.loblaws.ca/products/20047869/b2/en/front/20047869_front_a06_@2.png",
                                            "smallUrl": "https://assets.shop.loblaws.ca/products/20047869/b1/en/front/20047869_front_a01_@2.png",
                                            "mediumUrl": "https://assets.shop.loblaws.ca/products/20047869/b3/en/front/20047869_front_a06_@2.png",
                                            "largeUrl": "https://assets.shop.loblaws.ca/products/20047869/b2/en/front/20047869_front_a06_@2.png",
                                            "smallRetinaUrl": "https://assets.shop.loblaws.ca/products/20047869/b1/en/front/20047869_front_a01_@2.png",
                                            "mediumRetinaUrl": "https://assets.shop.loblaws.ca/products/20047869/b3/en/front/20047869_front_a06_@2.png",
                                            "largeRetinaUrl": "https://assets.shop.loblaws.ca/products/20047869/b2/en/front/20047869_front_a06_@2.png"
                                        }
                                    ],
                                    "brand": "Aurora",
                                    "title": "Oven Cooked Figs with Almonds",
                                    "description": null,
                                    "packageSizing": "250 g, $4.54/100g",
                                    "pricing": {
                                        "price": "11.99",
                                        "wasPrice": null,
                                        "displayPrice": "$11.99",
                                        "memberOnlyPrice": null,
                                        "mopDisplayPrice": null
                                    },
                                    "pricingUnits": {
                                        "type": "SOLD_BY_EACH",
                                        "unit": "ea",
                                        "interval": 1,
                                        "minOrderQuantity": 1,
                                        "maxOrderQuantity": 25,
                                        "weighted": false
                                    },
                                    "deal": null,
                                    "mopDeal": null,
                                    "pcoDeal": null,
                                    "inventoryIndicator": null,
                                    "offerType": "OG",
                                    "offerId": "OG",
                                    "action": null,
                                    "isVariant": false,
                                    "link": "/oven-cooked-figs-with-almonds/p/20047869_EA",
                                    "productVendor": null,
                                    "productVariant": null,
                                    "textBadge": "",
                                    "variantTheme": null,
                                    "articleNumber": "20047869",
                                    "uom": "EA",
                                    "sponsoredCreative": null,
                                    "isSponsored": false,
                                    "isComplementarySponsored": false,
                                    "complementarySponsoredBadgeText": null,
                                    "productBadge": null
                                },
                                {
                                    "index": 44,
                                    "productId": "20140136_EA",
                                    "productImage": [
                                        {
                                            "imageUrl": "https://assets.shop.loblaws.ca/products/20140136/b2/en/front/20140136_front_a06_@2.png",
                                            "smallUrl": "https://assets.shop.loblaws.ca/products/20140136/b1/en/front/20140136_front_a01_@2.png",
                                            "mediumUrl": "https://assets.shop.loblaws.ca/products/20140136/b3/en/front/20140136_front_a06_@2.png",
                                            "largeUrl": "https://assets.shop.loblaws.ca/products/20140136/b2/en/front/20140136_front_a06_@2.png",
                                            "smallRetinaUrl": "https://assets.shop.loblaws.ca/products/20140136/b1/en/front/20140136_front_a01_@2.png",
                                            "mediumRetinaUrl": "https://assets.shop.loblaws.ca/products/20140136/b3/en/front/20140136_front_a06_@2.png",
                                            "largeRetinaUrl": "https://assets.shop.loblaws.ca/products/20140136/b2/en/front/20140136_front_a06_@2.png"
                                        }
                                    ],
                                    "brand": "Aurora",
                                    "title": "Oven Cooked Figs",
                                    "description": null,
                                    "packageSizing": "250 g, $4.80/100g",
                                    "pricing": {
                                        "price": "11.99",
                                        "wasPrice": null,
                                        "displayPrice": "$11.99",
                                        "memberOnlyPrice": null,
                                        "mopDisplayPrice": null
                                    },
                                    "pricingUnits": {
                                        "type": "SOLD_BY_EACH",
                                        "unit": "ea",
                                        "interval": 1,
                                        "minOrderQuantity": 1,
                                        "maxOrderQuantity": 25,
                                        "weighted": false
                                    },
                                    "deal": null,
                                    "mopDeal": null,
                                    "pcoDeal": null,
                                    "inventoryIndicator": null,
                                    "offerType": "OG",
                                    "offerId": "OG",
                                    "action": null,
                                    "isVariant": false,
                                    "link": "/oven-cooked-figs/p/20140136_EA",
                                    "productVendor": null,
                                    "productVariant": null,
                                    "textBadge": "",
                                    "variantTheme": null,
                                    "articleNumber": "20140136",
                                    "uom": "EA",
                                    "sponsoredCreative": null,
                                    "isSponsored": false,
                                    "isComplementarySponsored": false,
                                    "complementarySponsoredBadgeText": null,
                                    "productBadge": null
                                },
                                {
                                    "index": 45,
                                    "productId": "21597090_EA",
                                    "productImage": [
                                        {
                                            "imageUrl": "https://assets.shop.loblaws.ca/products/21597090/b2/en/front/21597090_front_a06_@2.png",
                                            "smallUrl": "https://assets.shop.loblaws.ca/products/21597090/b1/en/front/21597090_front_a01_@2.png",
                                            "mediumUrl": "https://assets.shop.loblaws.ca/products/21597090/b3/en/front/21597090_front_a06_@2.png",
                                            "largeUrl": "https://assets.shop.loblaws.ca/products/21597090/b2/en/front/21597090_front_a06_@2.png",
                                            "smallRetinaUrl": "https://assets.shop.loblaws.ca/products/21597090/b1/en/front/21597090_front_a01_@2.png",
                                            "mediumRetinaUrl": "https://assets.shop.loblaws.ca/products/21597090/b3/en/front/21597090_front_a06_@2.png",
                                            "largeRetinaUrl": "https://assets.shop.loblaws.ca/products/21597090/b2/en/front/21597090_front_a06_@2.png"
                                        },
                                        {
                                            "imageUrl": "https://assets.shop.loblaws.ca/products/21597090/b2/en/angle/21597090_angle_a06_@2.png",
                                            "smallUrl": "https://assets.shop.loblaws.ca/products/21597090/b1/en/angle/21597090_angle_a01_@2.png",
                                            "mediumUrl": "https://assets.shop.loblaws.ca/products/21597090/b3/en/angle/21597090_angle_a06_@2.png",
                                            "largeUrl": "https://assets.shop.loblaws.ca/products/21597090/b2/en/angle/21597090_angle_a06_@2.png",
                                            "smallRetinaUrl": "https://assets.shop.loblaws.ca/products/21597090/b1/en/angle/21597090_angle_a01_@2.png",
                                            "mediumRetinaUrl": "https://assets.shop.loblaws.ca/products/21597090/b3/en/angle/21597090_angle_a06_@2.png",
                                            "largeRetinaUrl": "https://assets.shop.loblaws.ca/products/21597090/b2/en/angle/21597090_angle_a06_@2.png"
                                        },
                                        {
                                            "imageUrl": "https://assets.shop.loblaws.ca/products/21597090/b2/en/side/21597090_side_a06_@2.png",
                                            "smallUrl": "https://assets.shop.loblaws.ca/products/21597090/b1/en/side/21597090_side_a01_@2.png",
                                            "mediumUrl": "https://assets.shop.loblaws.ca/products/21597090/b3/en/side/21597090_side_a06_@2.png",
                                            "largeUrl": "https://assets.shop.loblaws.ca/products/21597090/b2/en/side/21597090_side_a06_@2.png",
                                            "smallRetinaUrl": "https://assets.shop.loblaws.ca/products/21597090/b1/en/side/21597090_side_a01_@2.png",
                                            "mediumRetinaUrl": "https://assets.shop.loblaws.ca/products/21597090/b3/en/side/21597090_side_a06_@2.png",
                                            "largeRetinaUrl": "https://assets.shop.loblaws.ca/products/21597090/b2/en/side/21597090_side_a06_@2.png"
                                        }
                                    ],
                                    "brand": null,
                                    "title": "Fresh Medjool Dates Whole",
                                    "description": null,
                                    "packageSizing": "340 g, $4.11/100g",
                                    "pricing": {
                                        "price": "13.99",
                                        "wasPrice": null,
                                        "displayPrice": "$13.99",
                                        "memberOnlyPrice": null,
                                        "mopDisplayPrice": null
                                    },
                                    "pricingUnits": {
                                        "type": "SOLD_BY_EACH",
                                        "unit": "ea",
                                        "interval": 1,
                                        "minOrderQuantity": 1,
                                        "maxOrderQuantity": 25,
                                        "weighted": false
                                    },
                                    "deal": null,
                                    "mopDeal": null,
                                    "pcoDeal": null,
                                    "inventoryIndicator": {
                                        "indicatorId": "OUT",
                                        "text": "Out of Stock"
                                    },
                                    "offerType": "OG",
                                    "offerId": "OG",
                                    "action": null,
                                    "isVariant": false,
                                    "link": "/fresh-medjool-dates-whole/p/21597090_EA",
                                    "productVendor": null,
                                    "productVariant": null,
                                    "textBadge": "out-of-stock",
                                    "variantTheme": null,
                                    "articleNumber": "21597090",
                                    "uom": "EA",
                                    "sponsoredCreative": null,
                                    "isSponsored": false,
                                    "isComplementarySponsored": false,
                                    "complementarySponsoredBadgeText": null,
                                    "productBadge": {
                                        "badgeId": "NEW",
                                        "badgeClass": null,
                                        "text": "New"
                                    }
                                }
                            ],
                            "analytics": null
                        }
                    },
                    {
                        "componentId": "productCarouselComponent",
                        "contentId": "1W6kNNiCIPCXXnCRQcptEM",
                        "variantId": null,
                        "id": "1W6kNNiCIPCXXnCRQcptEM-28200",
                        "data": {
                            "headline": "Fresh Juice & Smoothies",
                            "isSponsored": null,
                            "callToAction": {
                                "text": "Shop all",
                                "url": "/food/fruits-vegetables/fresh-juice-smoothies/c/28200"
                            },
                            "headerGroup": null,
                            "productTiles": [
                                {
                                    "index": 1,
                                    "productId": "20069494_EA",
                                    "productImage": [
                                        {
                                            "imageUrl": "https://assets.shop.loblaws.ca/products/20069494/b2/en/front/20069494_front_a06_@2.png",
                                            "smallUrl": "https://assets.shop.loblaws.ca/products/20069494/b1/en/front/20069494_front_a01_@2.png",
                                            "mediumUrl": "https://assets.shop.loblaws.ca/products/20069494/b3/en/front/20069494_front_a06_@2.png",
                                            "largeUrl": "https://assets.shop.loblaws.ca/products/20069494/b2/en/front/20069494_front_a06_@2.png",
                                            "smallRetinaUrl": "https://assets.shop.loblaws.ca/products/20069494/b1/en/front/20069494_front_a01_@2.png",
                                            "mediumRetinaUrl": "https://assets.shop.loblaws.ca/products/20069494/b3/en/front/20069494_front_a06_@2.png",
                                            "largeRetinaUrl": "https://assets.shop.loblaws.ca/products/20069494/b2/en/front/20069494_front_a06_@2.png"
                                        },
                                        {
                                            "imageUrl": "https://assets.shop.loblaws.ca/products/20069494/b2/en/angle/20069494_angle_a06_@2.png",
                                            "smallUrl": "https://assets.shop.loblaws.ca/products/20069494/b1/en/angle/20069494_angle_a01_@2.png",
                                            "mediumUrl": "https://assets.shop.loblaws.ca/products/20069494/b3/en/angle/20069494_angle_a06_@2.png",
                                            "largeUrl": "https://assets.shop.loblaws.ca/products/20069494/b2/en/angle/20069494_angle_a06_@2.png",
                                            "smallRetinaUrl": "https://assets.shop.loblaws.ca/products/20069494/b1/en/angle/20069494_angle_a01_@2.png",
                                            "mediumRetinaUrl": "https://assets.shop.loblaws.ca/products/20069494/b3/en/angle/20069494_angle_a06_@2.png",
                                            "largeRetinaUrl": "https://assets.shop.loblaws.ca/products/20069494/b2/en/angle/20069494_angle_a06_@2.png"
                                        },
                                        {
                                            "imageUrl": "https://assets.shop.loblaws.ca/products/20069494/b2/en/side/20069494_side_a06_@2.png",
                                            "smallUrl": "https://assets.shop.loblaws.ca/products/20069494/b1/en/side/20069494_side_a01_@2.png",
                                            "mediumUrl": "https://assets.shop.loblaws.ca/products/20069494/b3/en/side/20069494_side_a06_@2.png",
                                            "largeUrl": "https://assets.shop.loblaws.ca/products/20069494/b2/en/side/20069494_side_a06_@2.png",
                                            "smallRetinaUrl": "https://assets.shop.loblaws.ca/products/20069494/b1/en/side/20069494_side_a01_@2.png",
                                            "mediumRetinaUrl": "https://assets.shop.loblaws.ca/products/20069494/b3/en/side/20069494_side_a06_@2.png",
                                            "largeRetinaUrl": "https://assets.shop.loblaws.ca/products/20069494/b2/en/side/20069494_side_a06_@2.png"
                                        }
                                    ],
                                    "brand": "Bolthouse",
                                    "title": "Green Goodness",
                                    "description": null,
                                    "packageSizing": "1.54 l, $0.62/100ml",
                                    "pricing": {
                                        "price": "9.49",
                                        "wasPrice": null,
                                        "displayPrice": "$9.49",
                                        "memberOnlyPrice": null,
                                        "mopDisplayPrice": null
                                    },
                                    "pricingUnits": {
                                        "type": "SOLD_BY_EACH",
                                        "unit": "ea",
                                        "interval": 1,
                                        "minOrderQuantity": 1,
                                        "maxOrderQuantity": 25,
                                        "weighted": false
                                    },
                                    "deal": null,
                                    "mopDeal": null,
                                    "pcoDeal": null,
                                    "inventoryIndicator": null,
                                    "offerType": "OG",
                                    "offerId": "OG",
                                    "action": null,
                                    "isVariant": false,
                                    "link": "/green-goodness/p/20069494_EA",
                                    "productVendor": null,
                                    "productVariant": null,
                                    "textBadge": "",
                                    "variantTheme": null,
                                    "articleNumber": "20069494",
                                    "uom": "EA",
                                    "sponsoredCreative": null,
                                    "isSponsored": false,
                                    "isComplementarySponsored": false,
                                    "complementarySponsoredBadgeText": null,
                                    "productBadge": null
                                },
                                {
                                    "index": 2,
                                    "productId": "20000005_EA",
                                    "productImage": [
                                        {
                                            "imageUrl": "https://assets.shop.loblaws.ca/products/20000005/b2/EN/front/20000005_front_a06_@2.png",
                                            "smallUrl": "https://assets.shop.loblaws.ca/products/20000005/b1/en/front/20000005_front_a01_@2.png",
                                            "mediumUrl": "https://assets.shop.loblaws.ca/products/20000005/b3/EN/front/20000005_front_a06_@2.png",
                                            "largeUrl": "https://assets.shop.loblaws.ca/products/20000005/b2/EN/front/20000005_front_a06_@2.png",
                                            "smallRetinaUrl": "https://assets.shop.loblaws.ca/products/20000005/b1/en/front/20000005_front_a01_@2.png",
                                            "mediumRetinaUrl": "https://assets.shop.loblaws.ca/products/20000005/b3/EN/front/20000005_front_a06_@2.png",
                                            "largeRetinaUrl": "https://assets.shop.loblaws.ca/products/20000005/b2/EN/front/20000005_front_a06_@2.png"
                                        }
                                    ],
                                    "brand": "President's Choice",
                                    "title": "Fresh-Pressed Sweet Apple Cider",
                                    "description": "Made with a blend of tree-picked Canadian apples, this fresh-pressed sweet cider is bursting with refreshing flavour. Non-alcoholic and non-sparkling, it's delicious served chilled and perfect for entertaining a crowd that includes both kids and adults. For an extra festive presentation, serve in mason mugs garnished with fresh apple and orange slices.",
                                    "packageSizing": "3 l, $0.27/100ml",
                                    "pricing": {
                                        "price": "7.99",
                                        "wasPrice": null,
                                        "displayPrice": "$7.99",
                                        "memberOnlyPrice": null,
                                        "mopDisplayPrice": null
                                    },
                                    "pricingUnits": {
                                        "type": "SOLD_BY_EACH",
                                        "unit": "ea",
                                        "interval": 1,
                                        "minOrderQuantity": 1,
                                        "maxOrderQuantity": 25,
                                        "weighted": false
                                    },
                                    "deal": null,
                                    "mopDeal": null,
                                    "pcoDeal": null,
                                    "inventoryIndicator": null,
                                    "offerType": "OG",
                                    "offerId": "OG",
                                    "action": null,
                                    "isVariant": false,
                                    "link": "/fresh-pressed-sweet-apple-cider/p/20000005_EA",
                                    "productVendor": null,
                                    "productVariant": null,
                                    "textBadge": "",
                                    "variantTheme": null,
                                    "articleNumber": "20000005",
                                    "uom": "EA",
                                    "sponsoredCreative": null,
                                    "isSponsored": false,
                                    "isComplementarySponsored": false,
                                    "complementarySponsoredBadgeText": null,
                                    "productBadge": null
                                },
                                {
                                    "index": 3,
                                    "productId": "20036041_EA",
                                    "productImage": [
                                        {
                                            "imageUrl": "https://assets.shop.loblaws.ca/products/20036041/b2/en/front/20036041_front_a06_@2.png",
                                            "smallUrl": "https://assets.shop.loblaws.ca/products/20036041/b1/en/front/20036041_front_a01_@2.png",
                                            "mediumUrl": "https://assets.shop.loblaws.ca/products/20036041/b3/en/front/20036041_front_a06_@2.png",
                                            "largeUrl": "https://assets.shop.loblaws.ca/products/20036041/b2/en/front/20036041_front_a06_@2.png",
                                            "smallRetinaUrl": "https://assets.shop.loblaws.ca/products/20036041/b1/en/front/20036041_front_a01_@2.png",
                                            "mediumRetinaUrl": "https://assets.shop.loblaws.ca/products/20036041/b3/en/front/20036041_front_a06_@2.png",
                                            "largeRetinaUrl": "https://assets.shop.loblaws.ca/products/20036041/b2/en/front/20036041_front_a06_@2.png"
                                        }
                                    ],
                                    "brand": "Bolthouse",
                                    "title": "100% Carrot",
                                    "description": "13 servings* veggies per bottle .<br><br>*Canada's Food Guide.<br><br>Feel good about what's in this bottle.<br><br>We go to great lengths to harvest, peel and juice our carrots quickly to capture their nutritional benefits and provide you the freshest tasting juice..<br><br>With the juice of: 39\u00be carrots per bottle<br><br>B.<br><br>Since 1915.<br><br>After 95 years of working the land, one lesson rises to the top: the best beverages come from the best ingredients. Crisp veggies. Ripe fruit. All blended together to make great-tasting juices, smoothies and protein shakes. Goodness in, goodness out.",
                                    "packageSizing": "1.54 l, $0.65/100ml",
                                    "pricing": {
                                        "price": "9.99",
                                        "wasPrice": null,
                                        "displayPrice": "$9.99",
                                        "memberOnlyPrice": null,
                                        "mopDisplayPrice": null
                                    },
                                    "pricingUnits": {
                                        "type": "SOLD_BY_EACH",
                                        "unit": "ea",
                                        "interval": 1,
                                        "minOrderQuantity": 1,
                                        "maxOrderQuantity": 25,
                                        "weighted": false
                                    },
                                    "deal": null,
                                    "mopDeal": null,
                                    "pcoDeal": null,
                                    "inventoryIndicator": {
                                        "indicatorId": "LOW",
                                        "text": "Low Stock"
                                    },
                                    "offerType": "OG",
                                    "offerId": "OG",
                                    "action": null,
                                    "isVariant": false,
                                    "link": "/100-carrot/p/20036041_EA",
                                    "productVendor": null,
                                    "productVariant": null,
                                    "textBadge": "low-inventory",
                                    "variantTheme": null,
                                    "articleNumber": "20036041",
                                    "uom": "EA",
                                    "sponsoredCreative": null,
                                    "isSponsored": false,
                                    "isComplementarySponsored": false,
                                    "complementarySponsoredBadgeText": null,
                                    "productBadge": null
                                },
                                {
                                    "index": 4,
                                    "productId": "20301788_EA",
                                    "productImage": [
                                        {
                                            "imageUrl": "https://assets.shop.loblaws.ca/products/20301788/b2/en/front/20301788_front_a06_@2.png",
                                            "smallUrl": "https://assets.shop.loblaws.ca/products/20301788/b1/en/front/20301788_front_a01_@2.png",
                                            "mediumUrl": "https://assets.shop.loblaws.ca/products/20301788/b3/en/front/20301788_front_a06_@2.png",
                                            "largeUrl": "https://assets.shop.loblaws.ca/products/20301788/b2/en/front/20301788_front_a06_@2.png",
                                            "smallRetinaUrl": "https://assets.shop.loblaws.ca/products/20301788/b1/en/front/20301788_front_a01_@2.png",
                                            "mediumRetinaUrl": "https://assets.shop.loblaws.ca/products/20301788/b3/en/front/20301788_front_a06_@2.png",
                                            "largeRetinaUrl": "https://assets.shop.loblaws.ca/products/20301788/b2/en/front/20301788_front_a06_@2.png"
                                        },
                                        {
                                            "imageUrl": "https://assets.shop.loblaws.ca/products/20301788/b2/en/angle/20301788_angle_a06_@2.png",
                                            "smallUrl": "https://assets.shop.loblaws.ca/products/20301788/b1/en/angle/20301788_angle_a01_@2.png",
                                            "mediumUrl": "https://assets.shop.loblaws.ca/products/20301788/b3/en/angle/20301788_angle_a06_@2.png",
                                            "largeUrl": "https://assets.shop.loblaws.ca/products/20301788/b2/en/angle/20301788_angle_a06_@2.png",
                                            "smallRetinaUrl": "https://assets.shop.loblaws.ca/products/20301788/b1/en/angle/20301788_angle_a01_@2.png",
                                            "mediumRetinaUrl": "https://assets.shop.loblaws.ca/products/20301788/b3/en/angle/20301788_angle_a06_@2.png",
                                            "largeRetinaUrl": "https://assets.shop.loblaws.ca/products/20301788/b2/en/angle/20301788_angle_a06_@2.png"
                                        },
                                        {
                                            "imageUrl": "https://assets.shop.loblaws.ca/products/20301788/b2/en/side/20301788_side_a06_@2.png",
                                            "smallUrl": "https://assets.shop.loblaws.ca/products/20301788/b1/en/side/20301788_side_a01_@2.png",
                                            "mediumUrl": "https://assets.shop.loblaws.ca/products/20301788/b3/en/side/20301788_side_a06_@2.png",
                                            "largeUrl": "https://assets.shop.loblaws.ca/products/20301788/b2/en/side/20301788_side_a06_@2.png",
                                            "smallRetinaUrl": "https://assets.shop.loblaws.ca/products/20301788/b1/en/side/20301788_side_a01_@2.png",
                                            "mediumRetinaUrl": "https://assets.shop.loblaws.ca/products/20301788/b3/en/side/20301788_side_a06_@2.png",
                                            "largeRetinaUrl": "https://assets.shop.loblaws.ca/products/20301788/b2/en/side/20301788_side_a06_@2.png"
                                        }
                                    ],
                                    "brand": "Bolthouse",
                                    "title": "Green Goodness",
                                    "description": "\r\n  Since 1915<br>\r\n    <br>\r\n    Fruit & veggies per bottle 7\u00bd servings*<br>\r\n    *Canada's food guide<br>\r\n    <br>\r\n    15% daily value vitamin C per 250 ml serving<br>\r\n    <br>\r\n    A kiwi, apple, and mango flavored blend of 4 from concentrate and 2 not\r\n  from concentrate juices with added ingredients<br>\r\n    <br>\r\n    100% juice<br>\r\n    <br>\r\n    After 100 years of working the land, one lesson rises to the top: the best\r\n  beverages come from the best ingredients. Crisp veggies. Ripe fruit. All\r\n  blended together to make great-tasting juices, smoothies and protein shakes.\r\n  Goodness in, goodness out.<br>\r\n    <br>\r\n    Feel good<br>\r\n    About what's in this bottle<br>\r\n    <br>\r\n    Includes the juice of\u2020:<br>\r\n    1\u00be apple<br>\r\n    \u2154 pineapple<br>\r\n    2\u2153 mango<br>\r\n    \u00be banana<br>\r\n    \u2154 kiwi<br>\r\n    \u2020Not an exhaustive list<br>\r\n    <br>\r\n    And these ingredients:<br>\r\n    Spirulina 2850 mg<br>\r\n    Green tea 164 mg<br>\r\n    Broccoli 157 mg<br>\r\n    Spinach 157 mg<br>\r\n    Barley grass 117 mg<br>\r\n    Wheat grass 117 mg<br>\r\n    Garlic 1.78 mg<br>\r\n    Jerusalem artichoke 1.78 mg<br>\r\n    Nova Scotia dulse 18 mcg<br>\r\n    Iron 3.1 mg<br>\r\n    Manganese 7.7 mg<br>\r\n    Vitamin A 290 RE<br>\r\n    Vitamin B\u2086 0.59 mg<br>\r\n    Vitamin B\u2081\u2082 2.97 mcg<br>\r\n    Vitamin C 35 mg<br>\r\n    Per bottle\r\n",
                                    "packageSizing": "946 ml, $0.74/100ml",
                                    "pricing": {
                                        "price": "6.99",
                                        "wasPrice": null,
                                        "displayPrice": "$6.99",
                                        "memberOnlyPrice": null,
                                        "mopDisplayPrice": null
                                    },
                                    "pricingUnits": {
                                        "type": "SOLD_BY_EACH",
                                        "unit": "ea",
                                        "interval": 1,
                                        "minOrderQuantity": 1,
                                        "maxOrderQuantity": 25,
                                        "weighted": false
                                    },
                                    "deal": null,
                                    "mopDeal": null,
                                    "pcoDeal": null,
                                    "inventoryIndicator": {
                                        "indicatorId": "OUT",
                                        "text": "Out of Stock"
                                    },
                                    "offerType": "OG",
                                    "offerId": "OG",
                                    "action": null,
                                    "isVariant": false,
                                    "link": "/green-goodness/p/20301788_EA",
                                    "productVendor": null,
                                    "productVariant": null,
                                    "textBadge": "out-of-stock",
                                    "variantTheme": null,
                                    "articleNumber": "20301788",
                                    "uom": "EA",
                                    "sponsoredCreative": null,
                                    "isSponsored": false,
                                    "isComplementarySponsored": false,
                                    "complementarySponsoredBadgeText": null,
                                    "productBadge": null
                                },
                                {
                                    "index": 5,
                                    "productId": "20325816_EA",
                                    "productImage": [
                                        {
                                            "imageUrl": "https://assets.shop.loblaws.ca/products/20325816/b2/en/front/20325816_front_a06_@2.png",
                                            "smallUrl": "https://assets.shop.loblaws.ca/products/20325816/b1/en/front/20325816_front_a01_@2.png",
                                            "mediumUrl": "https://assets.shop.loblaws.ca/products/20325816/b3/en/front/20325816_front_a06_@2.png",
                                            "largeUrl": "https://assets.shop.loblaws.ca/products/20325816/b2/en/front/20325816_front_a06_@2.png",
                                            "smallRetinaUrl": "https://assets.shop.loblaws.ca/products/20325816/b1/en/front/20325816_front_a01_@2.png",
                                            "mediumRetinaUrl": "https://assets.shop.loblaws.ca/products/20325816/b3/en/front/20325816_front_a06_@2.png",
                                            "largeRetinaUrl": "https://assets.shop.loblaws.ca/products/20325816/b2/en/front/20325816_front_a06_@2.png"
                                        },
                                        {
                                            "imageUrl": "https://assets.shop.loblaws.ca/products/20325816/b2/en/angle/20325816_angle_a06_@2.png",
                                            "smallUrl": "https://assets.shop.loblaws.ca/products/20325816/b1/en/angle/20325816_angle_a01_@2.png",
                                            "mediumUrl": "https://assets.shop.loblaws.ca/products/20325816/b3/en/angle/20325816_angle_a06_@2.png",
                                            "largeUrl": "https://assets.shop.loblaws.ca/products/20325816/b2/en/angle/20325816_angle_a06_@2.png",
                                            "smallRetinaUrl": "https://assets.shop.loblaws.ca/products/20325816/b1/en/angle/20325816_angle_a01_@2.png",
                                            "mediumRetinaUrl": "https://assets.shop.loblaws.ca/products/20325816/b3/en/angle/20325816_angle_a06_@2.png",
                                            "largeRetinaUrl": "https://assets.shop.loblaws.ca/products/20325816/b2/en/angle/20325816_angle_a06_@2.png"
                                        },
                                        {
                                            "imageUrl": "https://assets.shop.loblaws.ca/products/20325816/b2/en/side/20325816_side_a06_@2.png",
                                            "smallUrl": "https://assets.shop.loblaws.ca/products/20325816/b1/en/side/20325816_side_a01_@2.png",
                                            "mediumUrl": "https://assets.shop.loblaws.ca/products/20325816/b3/en/side/20325816_side_a06_@2.png",
                                            "largeUrl": "https://assets.shop.loblaws.ca/products/20325816/b2/en/side/20325816_side_a06_@2.png",
                                            "smallRetinaUrl": "https://assets.shop.loblaws.ca/products/20325816/b1/en/side/20325816_side_a01_@2.png",
                                            "mediumRetinaUrl": "https://assets.shop.loblaws.ca/products/20325816/b3/en/side/20325816_side_a06_@2.png",
                                            "largeRetinaUrl": "https://assets.shop.loblaws.ca/products/20325816/b2/en/side/20325816_side_a06_@2.png"
                                        }
                                    ],
                                    "brand": "Bolthouse",
                                    "title": "Berry Boost",
                                    "description": "  Fruits per bottle 7\u00bd  servings*<br>    * Canada's food guide<br>    <br>    Berry flavoured blend of apple puree, apple juice & blackberry puree in  a blend of 3 from concentrate & 5 not from concentrate juices with  natural flavours<br>    <br>    100% juice<br>    <br>    After more than 100 years of working the land, one lesson rises to the top:  the best beverages come from the best ingredients. Crisp veggies. Ripe fruit.  All blended together to make great-tasting juices, smoothies and protein shakes.<br>    Goodness in, goodness out.<br>    <br>    Feel good<br>    About what's in this bottle which includes the juice of\u2020 :<br>    5\u00bc apples<br>    42 berries<br>    \u00bd banana<br>    Per bottle<br>    \u2020 Not an exhaustive list<br>    <br>    Since 1915",
                                    "packageSizing": "946 ml, $0.74/100ml",
                                    "pricing": {
                                        "price": "6.99",
                                        "wasPrice": null,
                                        "displayPrice": "$6.99",
                                        "memberOnlyPrice": null,
                                        "mopDisplayPrice": null
                                    },
                                    "pricingUnits": {
                                        "type": "SOLD_BY_EACH",
                                        "unit": "ea",
                                        "interval": 1,
                                        "minOrderQuantity": 1,
                                        "maxOrderQuantity": 25,
                                        "weighted": false
                                    },
                                    "deal": null,
                                    "mopDeal": null,
                                    "pcoDeal": null,
                                    "inventoryIndicator": null,
                                    "offerType": "OG",
                                    "offerId": "OG",
                                    "action": null,
                                    "isVariant": false,
                                    "link": "/berry-boost/p/20325816_EA",
                                    "productVendor": null,
                                    "productVariant": null,
                                    "textBadge": "",
                                    "variantTheme": null,
                                    "articleNumber": "20325816",
                                    "uom": "EA",
                                    "sponsoredCreative": null,
                                    "isSponsored": false,
                                    "isComplementarySponsored": false,
                                    "complementarySponsoredBadgeText": null,
                                    "productBadge": null
                                },
                                {
                                    "index": 6,
                                    "productId": "20123288_EA",
                                    "productImage": [
                                        {
                                            "imageUrl": "https://assets.shop.loblaws.ca/products/20123288/b2/en/front/20123288_front_a06_@2.png",
                                            "smallUrl": "https://assets.shop.loblaws.ca/products/20123288/b1/en/front/20123288_front_a01_@2.png",
                                            "mediumUrl": "https://assets.shop.loblaws.ca/products/20123288/b3/en/front/20123288_front_a06_@2.png",
                                            "largeUrl": "https://assets.shop.loblaws.ca/products/20123288/b2/en/front/20123288_front_a06_@2.png",
                                            "smallRetinaUrl": "https://assets.shop.loblaws.ca/products/20123288/b1/en/front/20123288_front_a01_@2.png",
                                            "mediumRetinaUrl": "https://assets.shop.loblaws.ca/products/20123288/b3/en/front/20123288_front_a06_@2.png",
                                            "largeRetinaUrl": "https://assets.shop.loblaws.ca/products/20123288/b2/en/front/20123288_front_a06_@2.png"
                                        }
                                    ],
                                    "brand": "POM Wonderful",
                                    "title": "100% Pomegranate Juice",
                                    "description": null,
                                    "packageSizing": "1.4 l, $1.14/100ml",
                                    "pricing": {
                                        "price": "15.99",
                                        "wasPrice": null,
                                        "displayPrice": "$15.99",
                                        "memberOnlyPrice": null,
                                        "mopDisplayPrice": null
                                    },
                                    "pricingUnits": {
                                        "type": "SOLD_BY_EACH",
                                        "unit": "ea",
                                        "interval": 1,
                                        "minOrderQuantity": 1,
                                        "maxOrderQuantity": 25,
                                        "weighted": false
                                    },
                                    "deal": null,
                                    "mopDeal": null,
                                    "pcoDeal": null,
                                    "inventoryIndicator": null,
                                    "offerType": "OG",
                                    "offerId": "OG",
                                    "action": null,
                                    "isVariant": false,
                                    "link": "/100-pomegranate-juice/p/20123288_EA",
                                    "productVendor": null,
                                    "productVariant": null,
                                    "textBadge": "",
                                    "variantTheme": null,
                                    "articleNumber": "20123288",
                                    "uom": "EA",
                                    "sponsoredCreative": null,
                                    "isSponsored": false,
                                    "isComplementarySponsored": false,
                                    "complementarySponsoredBadgeText": null,
                                    "productBadge": null
                                },
                                {
                                    "index": 7,
                                    "productId": "20311201_EA",
                                    "productImage": [
                                        {
                                            "imageUrl": "https://assets.shop.loblaws.ca/products/20311201/b2/en/front/20311201_front_a06_@2.png",
                                            "smallUrl": "https://assets.shop.loblaws.ca/products/20311201/b1/en/front/20311201_front_a01_@2.png",
                                            "mediumUrl": "https://assets.shop.loblaws.ca/products/20311201/b3/en/front/20311201_front_a06_@2.png",
                                            "largeUrl": "https://assets.shop.loblaws.ca/products/20311201/b2/en/front/20311201_front_a06_@2.png",
                                            "smallRetinaUrl": "https://assets.shop.loblaws.ca/products/20311201/b1/en/front/20311201_front_a01_@2.png",
                                            "mediumRetinaUrl": "https://assets.shop.loblaws.ca/products/20311201/b3/en/front/20311201_front_a06_@2.png",
                                            "largeRetinaUrl": "https://assets.shop.loblaws.ca/products/20311201/b2/en/front/20311201_front_a06_@2.png"
                                        },
                                        {
                                            "imageUrl": "https://assets.shop.loblaws.ca/products/20311201/b2/en/angle/20311201_angle_a06_@2.png",
                                            "smallUrl": "https://assets.shop.loblaws.ca/products/20311201/b1/en/angle/20311201_angle_a01_@2.png",
                                            "mediumUrl": "https://assets.shop.loblaws.ca/products/20311201/b3/en/angle/20311201_angle_a06_@2.png",
                                            "largeUrl": "https://assets.shop.loblaws.ca/products/20311201/b2/en/angle/20311201_angle_a06_@2.png",
                                            "smallRetinaUrl": "https://assets.shop.loblaws.ca/products/20311201/b1/en/angle/20311201_angle_a01_@2.png",
                                            "mediumRetinaUrl": "https://assets.shop.loblaws.ca/products/20311201/b3/en/angle/20311201_angle_a06_@2.png",
                                            "largeRetinaUrl": "https://assets.shop.loblaws.ca/products/20311201/b2/en/angle/20311201_angle_a06_@2.png"
                                        },
                                        {
                                            "imageUrl": "https://assets.shop.loblaws.ca/products/20311201/b2/en/side/20311201_side_a06_@2.png",
                                            "smallUrl": "https://assets.shop.loblaws.ca/products/20311201/b1/en/side/20311201_side_a01_@2.png",
                                            "mediumUrl": "https://assets.shop.loblaws.ca/products/20311201/b3/en/side/20311201_side_a06_@2.png",
                                            "largeUrl": "https://assets.shop.loblaws.ca/products/20311201/b2/en/side/20311201_side_a06_@2.png",
                                            "smallRetinaUrl": "https://assets.shop.loblaws.ca/products/20311201/b1/en/side/20311201_side_a01_@2.png",
                                            "mediumRetinaUrl": "https://assets.shop.loblaws.ca/products/20311201/b3/en/side/20311201_side_a06_@2.png",
                                            "largeRetinaUrl": "https://assets.shop.loblaws.ca/products/20311201/b2/en/side/20311201_side_a06_@2.png"
                                        }
                                    ],
                                    "brand": "Bolthouse",
                                    "title": "C-Boost",
                                    "description": null,
                                    "packageSizing": "946 ml, $0.74/100ml",
                                    "pricing": {
                                        "price": "6.99",
                                        "wasPrice": null,
                                        "displayPrice": "$6.99",
                                        "memberOnlyPrice": null,
                                        "mopDisplayPrice": null
                                    },
                                    "pricingUnits": {
                                        "type": "SOLD_BY_EACH",
                                        "unit": "ea",
                                        "interval": 1,
                                        "minOrderQuantity": 1,
                                        "maxOrderQuantity": 25,
                                        "weighted": false
                                    },
                                    "deal": null,
                                    "mopDeal": null,
                                    "pcoDeal": null,
                                    "inventoryIndicator": null,
                                    "offerType": "OG",
                                    "offerId": "OG",
                                    "action": null,
                                    "isVariant": false,
                                    "link": "/c-boost/p/20311201_EA",
                                    "productVendor": null,
                                    "productVariant": null,
                                    "textBadge": "",
                                    "variantTheme": null,
                                    "articleNumber": "20311201",
                                    "uom": "EA",
                                    "sponsoredCreative": null,
                                    "isSponsored": false,
                                    "isComplementarySponsored": false,
                                    "complementarySponsoredBadgeText": null,
                                    "productBadge": null
                                },
                                {
                                    "index": 8,
                                    "productId": "21186518_EA",
                                    "productImage": [
                                        {
                                            "imageUrl": "https://assets.shop.loblaws.ca/products/21186518/b2/en/front/21186518_front_a06_@2.png",
                                            "smallUrl": "https://assets.shop.loblaws.ca/products/21186518/b1/en/front/21186518_front_a01_@2.png",
                                            "mediumUrl": "https://assets.shop.loblaws.ca/products/21186518/b3/en/front/21186518_front_a06_@2.png",
                                            "largeUrl": "https://assets.shop.loblaws.ca/products/21186518/b2/en/front/21186518_front_a06_@2.png",
                                            "smallRetinaUrl": "https://assets.shop.loblaws.ca/products/21186518/b1/en/front/21186518_front_a01_@2.png",
                                            "mediumRetinaUrl": "https://assets.shop.loblaws.ca/products/21186518/b3/en/front/21186518_front_a06_@2.png",
                                            "largeRetinaUrl": "https://assets.shop.loblaws.ca/products/21186518/b2/en/front/21186518_front_a06_@2.png"
                                        }
                                    ],
                                    "brand": "Well",
                                    "title": "Cold Pressed Juice Greens   ",
                                    "description": null,
                                    "packageSizing": "333 ml, $1.80/100ml",
                                    "pricing": {
                                        "price": "5.99",
                                        "wasPrice": null,
                                        "displayPrice": "$5.99",
                                        "memberOnlyPrice": null,
                                        "mopDisplayPrice": null
                                    },
                                    "pricingUnits": {
                                        "type": "SOLD_BY_EACH",
                                        "unit": "ea",
                                        "interval": 1,
                                        "minOrderQuantity": 1,
                                        "maxOrderQuantity": 25,
                                        "weighted": false
                                    },
                                    "deal": {
                                        "type": "MULTI",
                                        "text": "$5.50 MIN 2",
                                        "points": 0,
                                        "name": "MULTI",
                                        "expiryDate": "2024-07-10T00:00:00Z",
                                        "dealPrice": null
                                    },
                                    "mopDeal": null,
                                    "pcoDeal": null,
                                    "inventoryIndicator": null,
                                    "offerType": "OG",
                                    "offerId": "OG",
                                    "action": null,
                                    "isVariant": false,
                                    "link": "/cold-pressed-juice-greens/p/21186518_EA",
                                    "productVendor": null,
                                    "productVariant": null,
                                    "textBadge": "",
                                    "variantTheme": null,
                                    "articleNumber": "21186518",
                                    "uom": "EA",
                                    "sponsoredCreative": null,
                                    "isSponsored": false,
                                    "isComplementarySponsored": false,
                                    "complementarySponsoredBadgeText": null,
                                    "productBadge": null
                                },
                                {
                                    "index": 9,
                                    "productId": "21290276_EA",
                                    "productImage": [
                                        {
                                            "imageUrl": "https://assets.shop.loblaws.ca/products/21290276/b2/en/front/21290276_front_a06_@2.png",
                                            "smallUrl": "https://assets.shop.loblaws.ca/products/21290276/b1/en/front/21290276_front_a01_@2.png",
                                            "mediumUrl": "https://assets.shop.loblaws.ca/products/21290276/b3/en/front/21290276_front_a06_@2.png",
                                            "largeUrl": "https://assets.shop.loblaws.ca/products/21290276/b2/en/front/21290276_front_a06_@2.png",
                                            "smallRetinaUrl": "https://assets.shop.loblaws.ca/products/21290276/b1/en/front/21290276_front_a01_@2.png",
                                            "mediumRetinaUrl": "https://assets.shop.loblaws.ca/products/21290276/b3/en/front/21290276_front_a06_@2.png",
                                            "largeRetinaUrl": "https://assets.shop.loblaws.ca/products/21290276/b2/en/front/21290276_front_a06_@2.png"
                                        }
                                    ],
                                    "brand": "Remedy",
                                    "title": "Kombucha Ginger Lemon",
                                    "description": "Familiar yet new, classic with a twist, A low sugar, guilt-free take on ginger beer. Hot and sour, fiery and tangy. The perfect tummy tamer.",
                                    "packageSizing": "700 ml, $0.86/100ml",
                                    "pricing": {
                                        "price": "5.99",
                                        "wasPrice": null,
                                        "displayPrice": "$5.99",
                                        "memberOnlyPrice": null,
                                        "mopDisplayPrice": null
                                    },
                                    "pricingUnits": {
                                        "type": "SOLD_BY_EACH",
                                        "unit": "ea",
                                        "interval": 1,
                                        "minOrderQuantity": 1,
                                        "maxOrderQuantity": 25,
                                        "weighted": false
                                    },
                                    "deal": {
                                        "type": "MULTI",
                                        "text": "$5.00 MIN 2",
                                        "points": 0,
                                        "name": "MULTI",
                                        "expiryDate": null,
                                        "dealPrice": null
                                    },
                                    "mopDeal": null,
                                    "pcoDeal": null,
                                    "inventoryIndicator": null,
                                    "offerType": "OG",
                                    "offerId": "OG",
                                    "action": null,
                                    "isVariant": false,
                                    "link": "/kombucha-ginger-lemon/p/21290276_EA",
                                    "productVendor": null,
                                    "productVariant": null,
                                    "textBadge": "",
                                    "variantTheme": null,
                                    "articleNumber": "21290276",
                                    "uom": "EA",
                                    "sponsoredCreative": null,
                                    "isSponsored": false,
                                    "isComplementarySponsored": false,
                                    "complementarySponsoredBadgeText": null,
                                    "productBadge": null
                                },
                                {
                                    "index": 10,
                                    "productId": "20316397_EA",
                                    "productImage": [
                                        {
                                            "imageUrl": "https://assets.shop.loblaws.ca/products/20316397/b2/en/front/20316397_front_a06_@2.png",
                                            "smallUrl": "https://assets.shop.loblaws.ca/products/20316397/b1/en/front/20316397_front_a01_@2.png",
                                            "mediumUrl": "https://assets.shop.loblaws.ca/products/20316397/b3/en/front/20316397_front_a06_@2.png",
                                            "largeUrl": "https://assets.shop.loblaws.ca/products/20316397/b2/en/front/20316397_front_a06_@2.png",
                                            "smallRetinaUrl": "https://assets.shop.loblaws.ca/products/20316397/b1/en/front/20316397_front_a01_@2.png",
                                            "mediumRetinaUrl": "https://assets.shop.loblaws.ca/products/20316397/b3/en/front/20316397_front_a06_@2.png",
                                            "largeRetinaUrl": "https://assets.shop.loblaws.ca/products/20316397/b2/en/front/20316397_front_a06_@2.png"
                                        },
                                        {
                                            "imageUrl": "https://assets.shop.loblaws.ca/products/20316397/b2/en/angle/20316397_angle_a06_@2.png",
                                            "smallUrl": "https://assets.shop.loblaws.ca/products/20316397/b1/en/angle/20316397_angle_a01_@2.png",
                                            "mediumUrl": "https://assets.shop.loblaws.ca/products/20316397/b3/en/angle/20316397_angle_a06_@2.png",
                                            "largeUrl": "https://assets.shop.loblaws.ca/products/20316397/b2/en/angle/20316397_angle_a06_@2.png",
                                            "smallRetinaUrl": "https://assets.shop.loblaws.ca/products/20316397/b1/en/angle/20316397_angle_a01_@2.png",
                                            "mediumRetinaUrl": "https://assets.shop.loblaws.ca/products/20316397/b3/en/angle/20316397_angle_a06_@2.png",
                                            "largeRetinaUrl": "https://assets.shop.loblaws.ca/products/20316397/b2/en/angle/20316397_angle_a06_@2.png"
                                        },
                                        {
                                            "imageUrl": "https://assets.shop.loblaws.ca/products/20316397/b2/en/side/20316397_side_a06_@2.png",
                                            "smallUrl": "https://assets.shop.loblaws.ca/products/20316397/b1/en/side/20316397_side_a01_@2.png",
                                            "mediumUrl": "https://assets.shop.loblaws.ca/products/20316397/b3/en/side/20316397_side_a06_@2.png",
                                            "largeUrl": "https://assets.shop.loblaws.ca/products/20316397/b2/en/side/20316397_side_a06_@2.png",
                                            "smallRetinaUrl": "https://assets.shop.loblaws.ca/products/20316397/b1/en/side/20316397_side_a01_@2.png",
                                            "mediumRetinaUrl": "https://assets.shop.loblaws.ca/products/20316397/b3/en/side/20316397_side_a06_@2.png",
                                            "largeRetinaUrl": "https://assets.shop.loblaws.ca/products/20316397/b2/en/side/20316397_side_a06_@2.png"
                                        }
                                    ],
                                    "brand": "Bolthouse",
                                    "title": "Strawberry Banana",
                                    "description": "  Fruits per bottle 7\u00bd  servings*<br>    *Canada's food guide<br>    <br>    26 strawberries<br>    2\u00bc bananas per bottle<br>    <br>    Blend of from concentrate and not from concentrate juices<br>    <br>    100% juice<br>    <br>    After more than 100 years of working the land, one lesson rises to the top:  the best beverages come from the best ingredients. Crisp veggies. Ripe fruit.  All blended together to make great-tasting juices, smoothies and protein  shakes. Goodness in, goodness out.<br>    <br>    Feel good<br>    About what's in this bottle which includes the juice of\u2020:<br>    26 strawberries<br>    2 \u00bc bananas<br>    1\u00be pears<br>    2\u00bc apples<br>    Per bottle<br>    \u2020Not an exhaustive list<br>    <br>    Since 1915",
                                    "packageSizing": "946 ml, $0.74/100ml",
                                    "pricing": {
                                        "price": "6.99",
                                        "wasPrice": null,
                                        "displayPrice": "$6.99",
                                        "memberOnlyPrice": null,
                                        "mopDisplayPrice": null
                                    },
                                    "pricingUnits": {
                                        "type": "SOLD_BY_EACH",
                                        "unit": "ea",
                                        "interval": 1,
                                        "minOrderQuantity": 1,
                                        "maxOrderQuantity": 25,
                                        "weighted": false
                                    },
                                    "deal": null,
                                    "mopDeal": null,
                                    "pcoDeal": null,
                                    "inventoryIndicator": {
                                        "indicatorId": "LOW",
                                        "text": "Low Stock"
                                    },
                                    "offerType": "OG",
                                    "offerId": "OG",
                                    "action": null,
                                    "isVariant": false,
                                    "link": "/strawberry-banana/p/20316397_EA",
                                    "productVendor": null,
                                    "productVariant": null,
                                    "textBadge": "low-inventory",
                                    "variantTheme": null,
                                    "articleNumber": "20316397",
                                    "uom": "EA",
                                    "sponsoredCreative": null,
                                    "isSponsored": false,
                                    "isComplementarySponsored": false,
                                    "complementarySponsoredBadgeText": null,
                                    "productBadge": null
                                },
                                {
                                    "index": 11,
                                    "productId": "20589752_EA",
                                    "productImage": [
                                        {
                                            "imageUrl": "https://assets.shop.loblaws.ca/products/20589752/b2/en/front/20589752_front_a06_@2.png",
                                            "smallUrl": "https://assets.shop.loblaws.ca/products/20589752/b1/en/front/20589752_front_a01_@2.png",
                                            "mediumUrl": "https://assets.shop.loblaws.ca/products/20589752/b3/en/front/20589752_front_a06_@2.png",
                                            "largeUrl": "https://assets.shop.loblaws.ca/products/20589752/b2/en/front/20589752_front_a06_@2.png",
                                            "smallRetinaUrl": "https://assets.shop.loblaws.ca/products/20589752/b1/en/front/20589752_front_a01_@2.png",
                                            "mediumRetinaUrl": "https://assets.shop.loblaws.ca/products/20589752/b3/en/front/20589752_front_a06_@2.png",
                                            "largeRetinaUrl": "https://assets.shop.loblaws.ca/products/20589752/b2/en/front/20589752_front_a06_@2.png"
                                        },
                                        {
                                            "imageUrl": "https://assets.shop.loblaws.ca/products/20589752/b2/en/angle/20589752_angle_a06_@2.png",
                                            "smallUrl": "https://assets.shop.loblaws.ca/products/20589752/b1/en/angle/20589752_angle_a01_@2.png",
                                            "mediumUrl": "https://assets.shop.loblaws.ca/products/20589752/b3/en/angle/20589752_angle_a06_@2.png",
                                            "largeUrl": "https://assets.shop.loblaws.ca/products/20589752/b2/en/angle/20589752_angle_a06_@2.png",
                                            "smallRetinaUrl": "https://assets.shop.loblaws.ca/products/20589752/b1/en/angle/20589752_angle_a01_@2.png",
                                            "mediumRetinaUrl": "https://assets.shop.loblaws.ca/products/20589752/b3/en/angle/20589752_angle_a06_@2.png",
                                            "largeRetinaUrl": "https://assets.shop.loblaws.ca/products/20589752/b2/en/angle/20589752_angle_a06_@2.png"
                                        },
                                        {
                                            "imageUrl": "https://assets.shop.loblaws.ca/products/20589752/b2/en/side/20589752_side_a06_@2.png",
                                            "smallUrl": "https://assets.shop.loblaws.ca/products/20589752/b1/en/side/20589752_side_a01_@2.png",
                                            "mediumUrl": "https://assets.shop.loblaws.ca/products/20589752/b3/en/side/20589752_side_a06_@2.png",
                                            "largeUrl": "https://assets.shop.loblaws.ca/products/20589752/b2/en/side/20589752_side_a06_@2.png",
                                            "smallRetinaUrl": "https://assets.shop.loblaws.ca/products/20589752/b1/en/side/20589752_side_a01_@2.png",
                                            "mediumRetinaUrl": "https://assets.shop.loblaws.ca/products/20589752/b3/en/side/20589752_side_a06_@2.png",
                                            "largeRetinaUrl": "https://assets.shop.loblaws.ca/products/20589752/b2/en/side/20589752_side_a06_@2.png"
                                        }
                                    ],
                                    "brand": "Bolthouse",
                                    "title": "Juice, 100% Pomegranate",
                                    "description": null,
                                    "packageSizing": "1.54 l, $0.91/100ml",
                                    "pricing": {
                                        "price": "13.99",
                                        "wasPrice": null,
                                        "displayPrice": "$13.99",
                                        "memberOnlyPrice": null,
                                        "mopDisplayPrice": null
                                    },
                                    "pricingUnits": {
                                        "type": "SOLD_BY_EACH",
                                        "unit": "ea",
                                        "interval": 1,
                                        "minOrderQuantity": 1,
                                        "maxOrderQuantity": 25,
                                        "weighted": false
                                    },
                                    "deal": null,
                                    "mopDeal": null,
                                    "pcoDeal": null,
                                    "inventoryIndicator": {
                                        "indicatorId": "LOW",
                                        "text": "Low Stock"
                                    },
                                    "offerType": "OG",
                                    "offerId": "OG",
                                    "action": null,
                                    "isVariant": false,
                                    "link": "/juice-100-pomegranate/p/20589752_EA",
                                    "productVendor": null,
                                    "productVariant": null,
                                    "textBadge": "low-inventory",
                                    "variantTheme": null,
                                    "articleNumber": "20589752",
                                    "uom": "EA",
                                    "sponsoredCreative": null,
                                    "isSponsored": false,
                                    "isComplementarySponsored": false,
                                    "complementarySponsoredBadgeText": null,
                                    "productBadge": null
                                },
                                {
                                    "index": 12,
                                    "productId": "21335195_EA",
                                    "productImage": [
                                        {
                                            "imageUrl": "https://assets.shop.loblaws.ca/products/21335195/b2/en/front/21335195_front_a06_@2.png",
                                            "smallUrl": "https://assets.shop.loblaws.ca/products/21335195/b1/en/front/21335195_front_a01_@2.png",
                                            "mediumUrl": "https://assets.shop.loblaws.ca/products/21335195/b3/en/front/21335195_front_a06_@2.png",
                                            "largeUrl": "https://assets.shop.loblaws.ca/products/21335195/b2/en/front/21335195_front_a06_@2.png",
                                            "smallRetinaUrl": "https://assets.shop.loblaws.ca/products/21335195/b1/en/front/21335195_front_a01_@2.png",
                                            "mediumRetinaUrl": "https://assets.shop.loblaws.ca/products/21335195/b3/en/front/21335195_front_a06_@2.png",
                                            "largeRetinaUrl": "https://assets.shop.loblaws.ca/products/21335195/b2/en/front/21335195_front_a06_@2.png"
                                        }
                                    ],
                                    "brand": "Remedy",
                                    "title": "Organic Mango Passionfruit Kombucha",
                                    "description": null,
                                    "packageSizing": "700 ml, $0.86/100ml",
                                    "pricing": {
                                        "price": "5.99",
                                        "wasPrice": null,
                                        "displayPrice": "$5.99",
                                        "memberOnlyPrice": null,
                                        "mopDisplayPrice": null
                                    },
                                    "pricingUnits": {
                                        "type": "SOLD_BY_EACH",
                                        "unit": "ea",
                                        "interval": 1,
                                        "minOrderQuantity": 1,
                                        "maxOrderQuantity": 25,
                                        "weighted": false
                                    },
                                    "deal": {
                                        "type": "MULTI",
                                        "text": "$5.00 MIN 2",
                                        "points": 0,
                                        "name": "MULTI",
                                        "expiryDate": null,
                                        "dealPrice": null
                                    },
                                    "mopDeal": null,
                                    "pcoDeal": null,
                                    "inventoryIndicator": null,
                                    "offerType": "OG",
                                    "offerId": "OG",
                                    "action": null,
                                    "isVariant": false,
                                    "link": "/organic-mango-passionfruit-kombucha/p/21335195_EA",
                                    "productVendor": null,
                                    "productVariant": null,
                                    "textBadge": "",
                                    "variantTheme": null,
                                    "articleNumber": "21335195",
                                    "uom": "EA",
                                    "sponsoredCreative": null,
                                    "isSponsored": false,
                                    "isComplementarySponsored": false,
                                    "complementarySponsoredBadgeText": null,
                                    "productBadge": null
                                },
                                {
                                    "index": 13,
                                    "productId": "21290793_EA",
                                    "productImage": [
                                        {
                                            "imageUrl": "https://assets.shop.loblaws.ca/products/21290793/b2/en/front/21290793_front_a06_@2.png",
                                            "smallUrl": "https://assets.shop.loblaws.ca/products/21290793/b1/en/front/21290793_front_a01_@2.png",
                                            "mediumUrl": "https://assets.shop.loblaws.ca/products/21290793/b3/en/front/21290793_front_a06_@2.png",
                                            "largeUrl": "https://assets.shop.loblaws.ca/products/21290793/b2/en/front/21290793_front_a06_@2.png",
                                            "smallRetinaUrl": "https://assets.shop.loblaws.ca/products/21290793/b1/en/front/21290793_front_a01_@2.png",
                                            "mediumRetinaUrl": "https://assets.shop.loblaws.ca/products/21290793/b3/en/front/21290793_front_a06_@2.png",
                                            "largeRetinaUrl": "https://assets.shop.loblaws.ca/products/21290793/b2/en/front/21290793_front_a06_@2.png"
                                        },
                                        {
                                            "imageUrl": "https://assets.shop.loblaws.ca/products/21290793/b2/en/angle/21290793_angle_a06_@2.png",
                                            "smallUrl": "https://assets.shop.loblaws.ca/products/21290793/b1/en/angle/21290793_angle_a01_@2.png",
                                            "mediumUrl": "https://assets.shop.loblaws.ca/products/21290793/b3/en/angle/21290793_angle_a06_@2.png",
                                            "largeUrl": "https://assets.shop.loblaws.ca/products/21290793/b2/en/angle/21290793_angle_a06_@2.png",
                                            "smallRetinaUrl": "https://assets.shop.loblaws.ca/products/21290793/b1/en/angle/21290793_angle_a01_@2.png",
                                            "mediumRetinaUrl": "https://assets.shop.loblaws.ca/products/21290793/b3/en/angle/21290793_angle_a06_@2.png",
                                            "largeRetinaUrl": "https://assets.shop.loblaws.ca/products/21290793/b2/en/angle/21290793_angle_a06_@2.png"
                                        },
                                        {
                                            "imageUrl": "https://assets.shop.loblaws.ca/products/21290793/b2/en/side/21290793_side_a06_@2.png",
                                            "smallUrl": "https://assets.shop.loblaws.ca/products/21290793/b1/en/side/21290793_side_a01_@2.png",
                                            "mediumUrl": "https://assets.shop.loblaws.ca/products/21290793/b3/en/side/21290793_side_a06_@2.png",
                                            "largeUrl": "https://assets.shop.loblaws.ca/products/21290793/b2/en/side/21290793_side_a06_@2.png",
                                            "smallRetinaUrl": "https://assets.shop.loblaws.ca/products/21290793/b1/en/side/21290793_side_a01_@2.png",
                                            "mediumRetinaUrl": "https://assets.shop.loblaws.ca/products/21290793/b3/en/side/21290793_side_a06_@2.png",
                                            "largeRetinaUrl": "https://assets.shop.loblaws.ca/products/21290793/b2/en/side/21290793_side_a06_@2.png"
                                        }
                                    ],
                                    "brand": "Bolthouse",
                                    "title": "Daily Greens",
                                    "description": "<p>\r\n  Fruits & veggies\r\n  per bottle 7\u00bd servings* </p><br><p>\r\n    * Canada's food guide</p><br>\r\n    <br><p>\r\n    With the juice of 5 cups veggies\u2020 per bottle</p><br><p>\r\n    Feel good</p><br><p>\r\n    About what's in this bottle</p><br><p>\r\n    Which includes the juice of\u2020:</p><br><p>\r\n    2\u00be apples</p><br><p>\r\n    3\u00be cups cucumber</p><br><p>\r\n    \u2154 cup celery</p><br><p>\r\n    1 kiwi</p><br><p>\r\n    \u2153 banana</p><br><p>\r\n    \u00be cup kale, spinach & romaine</p><br><p>\r\n    A squeeze of lemon</p><br><p>\r\n    Per bottle</p><br><p>\r\n    \u2020Not an exhaustive list</p><br>\r\n    <br><p>\r\n    Apple and cucumber juice blend of 4 from concentrate and 7 not from\r\n  concentrate juices with added ingredients</p><br>\r\n    <br><p>\r\n    Since 1915</p><br>\r\n    <br><p>\r\n    100% juice</p><br>\r\n    <br><p>\r\n    After more than 100 years of working the land, one lesson rises to the top:\r\n  the best beverages come from the best ingredients. Crisp veggies. Ripe fruit.\r\n  All blended together to make great-tasting juices, smoothies and protein\r\n  shakes. Goodness in, goodness out.\r\n</p>",
                                    "packageSizing": "946 ml, $0.74/100ml",
                                    "pricing": {
                                        "price": "6.99",
                                        "wasPrice": null,
                                        "displayPrice": "$6.99",
                                        "memberOnlyPrice": null,
                                        "mopDisplayPrice": null
                                    },
                                    "pricingUnits": {
                                        "type": "SOLD_BY_EACH",
                                        "unit": "ea",
                                        "interval": 1,
                                        "minOrderQuantity": 1,
                                        "maxOrderQuantity": 25,
                                        "weighted": false
                                    },
                                    "deal": null,
                                    "mopDeal": null,
                                    "pcoDeal": null,
                                    "inventoryIndicator": {
                                        "indicatorId": "LOW",
                                        "text": "Low Stock"
                                    },
                                    "offerType": "OG",
                                    "offerId": "OG",
                                    "action": null,
                                    "isVariant": false,
                                    "link": "/daily-greens/p/21290793_EA",
                                    "productVendor": null,
                                    "productVariant": null,
                                    "textBadge": "low-inventory",
                                    "variantTheme": null,
                                    "articleNumber": "21290793",
                                    "uom": "EA",
                                    "sponsoredCreative": null,
                                    "isSponsored": false,
                                    "isComplementarySponsored": false,
                                    "complementarySponsoredBadgeText": null,
                                    "productBadge": null
                                },
                                {
                                    "index": 14,
                                    "productId": "20319871_EA",
                                    "productImage": [
                                        {
                                            "imageUrl": "https://assets.shop.loblaws.ca/products/20319871/b2/en/front/20319871_front_a06_@2.png",
                                            "smallUrl": "https://assets.shop.loblaws.ca/products/20319871/b1/en/front/20319871_front_a01_@2.png",
                                            "mediumUrl": "https://assets.shop.loblaws.ca/products/20319871/b3/en/front/20319871_front_a06_@2.png",
                                            "largeUrl": "https://assets.shop.loblaws.ca/products/20319871/b2/en/front/20319871_front_a06_@2.png",
                                            "smallRetinaUrl": "https://assets.shop.loblaws.ca/products/20319871/b1/en/front/20319871_front_a01_@2.png",
                                            "mediumRetinaUrl": "https://assets.shop.loblaws.ca/products/20319871/b3/en/front/20319871_front_a06_@2.png",
                                            "largeRetinaUrl": "https://assets.shop.loblaws.ca/products/20319871/b2/en/front/20319871_front_a06_@2.png"
                                        },
                                        {
                                            "imageUrl": "https://assets.shop.loblaws.ca/products/20319871/b2/en/angle/20319871_angle_a06_@2.png",
                                            "smallUrl": "https://assets.shop.loblaws.ca/products/20319871/b1/en/angle/20319871_angle_a01_@2.png",
                                            "mediumUrl": "https://assets.shop.loblaws.ca/products/20319871/b3/en/angle/20319871_angle_a06_@2.png",
                                            "largeUrl": "https://assets.shop.loblaws.ca/products/20319871/b2/en/angle/20319871_angle_a06_@2.png",
                                            "smallRetinaUrl": "https://assets.shop.loblaws.ca/products/20319871/b1/en/angle/20319871_angle_a01_@2.png",
                                            "mediumRetinaUrl": "https://assets.shop.loblaws.ca/products/20319871/b3/en/angle/20319871_angle_a06_@2.png",
                                            "largeRetinaUrl": "https://assets.shop.loblaws.ca/products/20319871/b2/en/angle/20319871_angle_a06_@2.png"
                                        },
                                        {
                                            "imageUrl": "https://assets.shop.loblaws.ca/products/20319871/b2/en/side/20319871_side_a06_@2.png",
                                            "smallUrl": "https://assets.shop.loblaws.ca/products/20319871/b1/en/side/20319871_side_a01_@2.png",
                                            "mediumUrl": "https://assets.shop.loblaws.ca/products/20319871/b3/en/side/20319871_side_a06_@2.png",
                                            "largeUrl": "https://assets.shop.loblaws.ca/products/20319871/b2/en/side/20319871_side_a06_@2.png",
                                            "smallRetinaUrl": "https://assets.shop.loblaws.ca/products/20319871/b1/en/side/20319871_side_a01_@2.png",
                                            "mediumRetinaUrl": "https://assets.shop.loblaws.ca/products/20319871/b3/en/side/20319871_side_a06_@2.png",
                                            "largeRetinaUrl": "https://assets.shop.loblaws.ca/products/20319871/b2/en/side/20319871_side_a06_@2.png"
                                        }
                                    ],
                                    "brand": "Bolthouse",
                                    "title": "Blue Goodness",
                                    "description": "\r\n  Fruits per bottle 7\u00bd\r\n  servings*<br>\r\n    * Canada's food guide<br>\r\n    <br>\r\n    24% daily value fibre<br>\r\n    per 250 ml serving<br>\r\n    <br>\r\n    Blend of from concentrate and not from concentrate juices<br>\r\n    <br>\r\n    100% juice<br>\r\n    <br>\r\n    After more than 100 years of working the land, one lesson rises to the top:\r\n  the best beverages come from the best ingredients. Crisp veggies. Ripe fruit.\r\n  Delicious dairy. All blended together to make great-tasting juices, smoothies\r\n  and protein shakes. Goodness in, goodness out.<br>\r\n    <br>\r\n    Feel good<br>\r\n    About what's in this bottle<br>\r\n    Which includes the juice of\u2020:<br>\r\n    We generously blend over 10 ingredients to deliver an unmatched combination\r\n  of flavour and nutrition.<br>\r\n    \u2020 Not an exhaustive list<br>\r\n    <br>\r\n    The goodness<br>\r\n    Per bottle<br>\r\n    4\u00be apples<br>\r\n    1\u2153 bananas<br>\r\n    22 blueberries<br>\r\n    22 blackberries<br>\r\n    <br>\r\n    Since 1915\r\n",
                                    "packageSizing": "946 ml, $0.74/100ml",
                                    "pricing": {
                                        "price": "6.99",
                                        "wasPrice": null,
                                        "displayPrice": "$6.99",
                                        "memberOnlyPrice": null,
                                        "mopDisplayPrice": null
                                    },
                                    "pricingUnits": {
                                        "type": "SOLD_BY_EACH",
                                        "unit": "ea",
                                        "interval": 1,
                                        "minOrderQuantity": 1,
                                        "maxOrderQuantity": 25,
                                        "weighted": false
                                    },
                                    "deal": null,
                                    "mopDeal": null,
                                    "pcoDeal": null,
                                    "inventoryIndicator": null,
                                    "offerType": "OG",
                                    "offerId": "OG",
                                    "action": null,
                                    "isVariant": false,
                                    "link": "/blue-goodness/p/20319871_EA",
                                    "productVendor": null,
                                    "productVariant": null,
                                    "textBadge": "",
                                    "variantTheme": null,
                                    "articleNumber": "20319871",
                                    "uom": "EA",
                                    "sponsoredCreative": null,
                                    "isSponsored": false,
                                    "isComplementarySponsored": false,
                                    "complementarySponsoredBadgeText": null,
                                    "productBadge": null
                                },
                                {
                                    "index": 15,
                                    "productId": "20288525_EA",
                                    "productImage": [
                                        {
                                            "imageUrl": "https://assets.shop.loblaws.ca/products/20288525/b2/en/front/20288525_front_a06_@2.png",
                                            "smallUrl": "https://assets.shop.loblaws.ca/products/20288525/b1/en/front/20288525_front_a01_@2.png",
                                            "mediumUrl": "https://assets.shop.loblaws.ca/products/20288525/b3/en/front/20288525_front_a06_@2.png",
                                            "largeUrl": "https://assets.shop.loblaws.ca/products/20288525/b2/en/front/20288525_front_a06_@2.png",
                                            "smallRetinaUrl": "https://assets.shop.loblaws.ca/products/20288525/b1/en/front/20288525_front_a01_@2.png",
                                            "mediumRetinaUrl": "https://assets.shop.loblaws.ca/products/20288525/b3/en/front/20288525_front_a06_@2.png",
                                            "largeRetinaUrl": "https://assets.shop.loblaws.ca/products/20288525/b2/en/front/20288525_front_a06_@2.png"
                                        }
                                    ],
                                    "brand": "Bolthouse",
                                    "title": "Strawberry Banana",
                                    "description": "13 Servings Fruit* per bottle.<br><br>* Canada's Food Guide.<br><br>Feel good about what's in this bottle.<br><br><br><br>Bolthouse Farms.<br><br>Since 1915.<br><br>After 95 years of working the land, one lesson rises to the top: the best beverages come from the best ingredients. Crisp veggies. Ripe fruit. Delicious dairy. All blended together to make great-tasting juices, smoothies and protein shakes. Goodness in, goodness out.",
                                    "packageSizing": "1.54 l, $0.62/100ml",
                                    "pricing": {
                                        "price": "9.49",
                                        "wasPrice": null,
                                        "displayPrice": "$9.49",
                                        "memberOnlyPrice": null,
                                        "mopDisplayPrice": null
                                    },
                                    "pricingUnits": {
                                        "type": "SOLD_BY_EACH",
                                        "unit": "ea",
                                        "interval": 1,
                                        "minOrderQuantity": 1,
                                        "maxOrderQuantity": 25,
                                        "weighted": false
                                    },
                                    "deal": null,
                                    "mopDeal": null,
                                    "pcoDeal": null,
                                    "inventoryIndicator": null,
                                    "offerType": "OG",
                                    "offerId": "OG",
                                    "action": null,
                                    "isVariant": false,
                                    "link": "/strawberry-banana/p/20288525_EA",
                                    "productVendor": null,
                                    "productVariant": null,
                                    "textBadge": "",
                                    "variantTheme": null,
                                    "articleNumber": "20288525",
                                    "uom": "EA",
                                    "sponsoredCreative": null,
                                    "isSponsored": false,
                                    "isComplementarySponsored": false,
                                    "complementarySponsoredBadgeText": null,
                                    "productBadge": null
                                },
                                {
                                    "index": 16,
                                    "productId": "20310231_EA",
                                    "productImage": [
                                        {
                                            "imageUrl": "https://assets.shop.loblaws.ca/products/20310231/b2/en/front/20310231_front_a06_@2.png",
                                            "smallUrl": "https://assets.shop.loblaws.ca/products/20310231/b1/en/front/20310231_front_a01_@2.png",
                                            "mediumUrl": "https://assets.shop.loblaws.ca/products/20310231/b3/en/front/20310231_front_a06_@2.png",
                                            "largeUrl": "https://assets.shop.loblaws.ca/products/20310231/b2/en/front/20310231_front_a06_@2.png",
                                            "smallRetinaUrl": "https://assets.shop.loblaws.ca/products/20310231/b1/en/front/20310231_front_a01_@2.png",
                                            "mediumRetinaUrl": "https://assets.shop.loblaws.ca/products/20310231/b3/en/front/20310231_front_a06_@2.png",
                                            "largeRetinaUrl": "https://assets.shop.loblaws.ca/products/20310231/b2/en/front/20310231_front_a06_@2.png"
                                        }
                                    ],
                                    "brand": "POM Wonderful",
                                    "title": "100% Pomegranate Juice",
                                    "description": null,
                                    "packageSizing": "473 ml, $1.27/100ml",
                                    "pricing": {
                                        "price": "5.99",
                                        "wasPrice": null,
                                        "displayPrice": "$5.99",
                                        "memberOnlyPrice": null,
                                        "mopDisplayPrice": null
                                    },
                                    "pricingUnits": {
                                        "type": "SOLD_BY_EACH",
                                        "unit": "ea",
                                        "interval": 1,
                                        "minOrderQuantity": 1,
                                        "maxOrderQuantity": 25,
                                        "weighted": false
                                    },
                                    "deal": null,
                                    "mopDeal": null,
                                    "pcoDeal": null,
                                    "inventoryIndicator": null,
                                    "offerType": "OG",
                                    "offerId": "OG",
                                    "action": null,
                                    "isVariant": false,
                                    "link": "/100-pomegranate-juice/p/20310231_EA",
                                    "productVendor": null,
                                    "productVariant": null,
                                    "textBadge": "",
                                    "variantTheme": null,
                                    "articleNumber": "20310231",
                                    "uom": "EA",
                                    "sponsoredCreative": null,
                                    "isSponsored": false,
                                    "isComplementarySponsored": false,
                                    "complementarySponsoredBadgeText": null,
                                    "productBadge": null
                                },
                                {
                                    "index": 17,
                                    "productId": "20164122_EA",
                                    "productImage": [
                                        {
                                            "imageUrl": "https://assets.shop.loblaws.ca/products/20164122/b2/en/front/20164122_front_a06_@2.png",
                                            "smallUrl": "https://assets.shop.loblaws.ca/products/20164122/b1/en/front/20164122_front_a01_@2.png",
                                            "mediumUrl": "https://assets.shop.loblaws.ca/products/20164122/b3/en/front/20164122_front_a06_@2.png",
                                            "largeUrl": "https://assets.shop.loblaws.ca/products/20164122/b2/en/front/20164122_front_a06_@2.png",
                                            "smallRetinaUrl": "https://assets.shop.loblaws.ca/products/20164122/b1/en/front/20164122_front_a01_@2.png",
                                            "mediumRetinaUrl": "https://assets.shop.loblaws.ca/products/20164122/b3/en/front/20164122_front_a06_@2.png",
                                            "largeRetinaUrl": "https://assets.shop.loblaws.ca/products/20164122/b2/en/front/20164122_front_a06_@2.png"
                                        },
                                        {
                                            "imageUrl": "https://assets.shop.loblaws.ca/products/20164122/b2/en/angle/20164122_angle_a06_@2.png",
                                            "smallUrl": "https://assets.shop.loblaws.ca/products/20164122/b1/en/angle/20164122_angle_a01_@2.png",
                                            "mediumUrl": "https://assets.shop.loblaws.ca/products/20164122/b3/en/angle/20164122_angle_a06_@2.png",
                                            "largeUrl": "https://assets.shop.loblaws.ca/products/20164122/b2/en/angle/20164122_angle_a06_@2.png",
                                            "smallRetinaUrl": "https://assets.shop.loblaws.ca/products/20164122/b1/en/angle/20164122_angle_a01_@2.png",
                                            "mediumRetinaUrl": "https://assets.shop.loblaws.ca/products/20164122/b3/en/angle/20164122_angle_a06_@2.png",
                                            "largeRetinaUrl": "https://assets.shop.loblaws.ca/products/20164122/b2/en/angle/20164122_angle_a06_@2.png"
                                        },
                                        {
                                            "imageUrl": "https://assets.shop.loblaws.ca/products/20164122/b2/en/side/20164122_side_a06_@2.png",
                                            "smallUrl": "https://assets.shop.loblaws.ca/products/20164122/b1/en/side/20164122_side_a01_@2.png",
                                            "mediumUrl": "https://assets.shop.loblaws.ca/products/20164122/b3/en/side/20164122_side_a06_@2.png",
                                            "largeUrl": "https://assets.shop.loblaws.ca/products/20164122/b2/en/side/20164122_side_a06_@2.png",
                                            "smallRetinaUrl": "https://assets.shop.loblaws.ca/products/20164122/b1/en/side/20164122_side_a01_@2.png",
                                            "mediumRetinaUrl": "https://assets.shop.loblaws.ca/products/20164122/b3/en/side/20164122_side_a06_@2.png",
                                            "largeRetinaUrl": "https://assets.shop.loblaws.ca/products/20164122/b2/en/side/20164122_side_a06_@2.png"
                                        }
                                    ],
                                    "brand": "Bolthouse",
                                    "title": "100% Carrot",
                                    "description": null,
                                    "packageSizing": "946 ml, $0.74/100ml",
                                    "pricing": {
                                        "price": "6.99",
                                        "wasPrice": null,
                                        "displayPrice": "$6.99",
                                        "memberOnlyPrice": null,
                                        "mopDisplayPrice": null
                                    },
                                    "pricingUnits": {
                                        "type": "SOLD_BY_EACH",
                                        "unit": "ea",
                                        "interval": 1,
                                        "minOrderQuantity": 1,
                                        "maxOrderQuantity": 25,
                                        "weighted": false
                                    },
                                    "deal": null,
                                    "mopDeal": null,
                                    "pcoDeal": null,
                                    "inventoryIndicator": {
                                        "indicatorId": "LOW",
                                        "text": "Low Stock"
                                    },
                                    "offerType": "OG",
                                    "offerId": "OG",
                                    "action": null,
                                    "isVariant": false,
                                    "link": "/100-carrot/p/20164122_EA",
                                    "productVendor": null,
                                    "productVariant": null,
                                    "textBadge": "low-inventory",
                                    "variantTheme": null,
                                    "articleNumber": "20164122",
                                    "uom": "EA",
                                    "sponsoredCreative": null,
                                    "isSponsored": false,
                                    "isComplementarySponsored": false,
                                    "complementarySponsoredBadgeText": null,
                                    "productBadge": null
                                },
                                {
                                    "index": 18,
                                    "productId": "21290379_EA",
                                    "productImage": [
                                        {
                                            "imageUrl": "https://assets.shop.loblaws.ca/products/21290379/b2/en/front/21290379_front_a06_@2.png",
                                            "smallUrl": "https://assets.shop.loblaws.ca/products/21290379/b1/en/front/21290379_front_a01_@2.png",
                                            "mediumUrl": "https://assets.shop.loblaws.ca/products/21290379/b3/en/front/21290379_front_a06_@2.png",
                                            "largeUrl": "https://assets.shop.loblaws.ca/products/21290379/b2/en/front/21290379_front_a06_@2.png",
                                            "smallRetinaUrl": "https://assets.shop.loblaws.ca/products/21290379/b1/en/front/21290379_front_a01_@2.png",
                                            "mediumRetinaUrl": "https://assets.shop.loblaws.ca/products/21290379/b3/en/front/21290379_front_a06_@2.png",
                                            "largeRetinaUrl": "https://assets.shop.loblaws.ca/products/21290379/b2/en/front/21290379_front_a06_@2.png"
                                        }
                                    ],
                                    "brand": "Remedy",
                                    "title": "Org Kom Rasp Lemn 700Ml  ",
                                    "description": null,
                                    "packageSizing": "700 ml, $0.86/100ml",
                                    "pricing": {
                                        "price": "5.99",
                                        "wasPrice": null,
                                        "displayPrice": "$5.99",
                                        "memberOnlyPrice": null,
                                        "mopDisplayPrice": null
                                    },
                                    "pricingUnits": {
                                        "type": "SOLD_BY_EACH",
                                        "unit": "ea",
                                        "interval": 1,
                                        "minOrderQuantity": 1,
                                        "maxOrderQuantity": 25,
                                        "weighted": false
                                    },
                                    "deal": {
                                        "type": "MULTI",
                                        "text": "$5.00 MIN 2",
                                        "points": 0,
                                        "name": "MULTI",
                                        "expiryDate": null,
                                        "dealPrice": null
                                    },
                                    "mopDeal": null,
                                    "pcoDeal": null,
                                    "inventoryIndicator": {
                                        "indicatorId": "LOW",
                                        "text": "Low Stock"
                                    },
                                    "offerType": "OG",
                                    "offerId": "OG",
                                    "action": null,
                                    "isVariant": false,
                                    "link": "/org-kom-rasp-lemn-700ml/p/21290379_EA",
                                    "productVendor": null,
                                    "productVariant": null,
                                    "textBadge": "low-inventory",
                                    "variantTheme": null,
                                    "articleNumber": "21290379",
                                    "uom": "EA",
                                    "sponsoredCreative": null,
                                    "isSponsored": false,
                                    "isComplementarySponsored": false,
                                    "complementarySponsoredBadgeText": null,
                                    "productBadge": null
                                },
                                {
                                    "index": 19,
                                    "productId": "21360339_EA",
                                    "productImage": [
                                        {
                                            "imageUrl": "https://assets.shop.loblaws.ca/products/21360339/b2/en/front/21360339_front_a06_@2.png",
                                            "smallUrl": "https://assets.shop.loblaws.ca/products/21360339/b1/en/front/21360339_front_a01_@2.png",
                                            "mediumUrl": "https://assets.shop.loblaws.ca/products/21360339/b3/en/front/21360339_front_a06_@2.png",
                                            "largeUrl": "https://assets.shop.loblaws.ca/products/21360339/b2/en/front/21360339_front_a06_@2.png",
                                            "smallRetinaUrl": "https://assets.shop.loblaws.ca/products/21360339/b1/en/front/21360339_front_a01_@2.png",
                                            "mediumRetinaUrl": "https://assets.shop.loblaws.ca/products/21360339/b3/en/front/21360339_front_a06_@2.png",
                                            "largeRetinaUrl": "https://assets.shop.loblaws.ca/products/21360339/b2/en/front/21360339_front_a06_@2.png"
                                        }
                                    ],
                                    "brand": "Well",
                                    "title": "Elixir Lemon+Ginger+Honey",
                                    "description": null,
                                    "packageSizing": "60 ml, $6.65/100ml",
                                    "pricing": {
                                        "price": "3.99",
                                        "wasPrice": null,
                                        "displayPrice": "$3.99",
                                        "memberOnlyPrice": null,
                                        "mopDisplayPrice": null
                                    },
                                    "pricingUnits": {
                                        "type": "SOLD_BY_EACH",
                                        "unit": "ea",
                                        "interval": 1,
                                        "minOrderQuantity": 1,
                                        "maxOrderQuantity": 25,
                                        "weighted": false
                                    },
                                    "deal": null,
                                    "mopDeal": null,
                                    "pcoDeal": null,
                                    "inventoryIndicator": null,
                                    "offerType": "OG",
                                    "offerId": "OG",
                                    "action": null,
                                    "isVariant": false,
                                    "link": "/elixir-lemon-ginger-honey/p/21360339_EA",
                                    "productVendor": null,
                                    "productVariant": null,
                                    "textBadge": "",
                                    "variantTheme": null,
                                    "articleNumber": "21360339",
                                    "uom": "EA",
                                    "sponsoredCreative": null,
                                    "isSponsored": false,
                                    "isComplementarySponsored": false,
                                    "complementarySponsoredBadgeText": null,
                                    "productBadge": null
                                },
                                {
                                    "index": 20,
                                    "productId": "20312999_EA",
                                    "productImage": [
                                        {
                                            "imageUrl": "https://assets.shop.loblaws.ca/products/20312999/b2/en/front/20312999_front_a06_@2.png",
                                            "smallUrl": "https://assets.shop.loblaws.ca/products/20312999/b1/en/front/20312999_front_a01_@2.png",
                                            "mediumUrl": "https://assets.shop.loblaws.ca/products/20312999/b3/en/front/20312999_front_a06_@2.png",
                                            "largeUrl": "https://assets.shop.loblaws.ca/products/20312999/b2/en/front/20312999_front_a06_@2.png",
                                            "smallRetinaUrl": "https://assets.shop.loblaws.ca/products/20312999/b1/en/front/20312999_front_a01_@2.png",
                                            "mediumRetinaUrl": "https://assets.shop.loblaws.ca/products/20312999/b3/en/front/20312999_front_a06_@2.png",
                                            "largeRetinaUrl": "https://assets.shop.loblaws.ca/products/20312999/b2/en/front/20312999_front_a06_@2.png"
                                        },
                                        {
                                            "imageUrl": "https://assets.shop.loblaws.ca/products/20312999/b2/en/angle/20312999_angle_a06_@2.png",
                                            "smallUrl": "https://assets.shop.loblaws.ca/products/20312999/b1/en/angle/20312999_angle_a01_@2.png",
                                            "mediumUrl": "https://assets.shop.loblaws.ca/products/20312999/b3/en/angle/20312999_angle_a06_@2.png",
                                            "largeUrl": "https://assets.shop.loblaws.ca/products/20312999/b2/en/angle/20312999_angle_a06_@2.png",
                                            "smallRetinaUrl": "https://assets.shop.loblaws.ca/products/20312999/b1/en/angle/20312999_angle_a01_@2.png",
                                            "mediumRetinaUrl": "https://assets.shop.loblaws.ca/products/20312999/b3/en/angle/20312999_angle_a06_@2.png",
                                            "largeRetinaUrl": "https://assets.shop.loblaws.ca/products/20312999/b2/en/angle/20312999_angle_a06_@2.png"
                                        },
                                        {
                                            "imageUrl": "https://assets.shop.loblaws.ca/products/20312999/b2/en/side/20312999_side_a06_@2.png",
                                            "smallUrl": "https://assets.shop.loblaws.ca/products/20312999/b1/en/side/20312999_side_a01_@2.png",
                                            "mediumUrl": "https://assets.shop.loblaws.ca/products/20312999/b3/en/side/20312999_side_a06_@2.png",
                                            "largeUrl": "https://assets.shop.loblaws.ca/products/20312999/b2/en/side/20312999_side_a06_@2.png",
                                            "smallRetinaUrl": "https://assets.shop.loblaws.ca/products/20312999/b1/en/side/20312999_side_a01_@2.png",
                                            "mediumRetinaUrl": "https://assets.shop.loblaws.ca/products/20312999/b3/en/side/20312999_side_a06_@2.png",
                                            "largeRetinaUrl": "https://assets.shop.loblaws.ca/products/20312999/b2/en/side/20312999_side_a06_@2.png"
                                        }
                                    ],
                                    "brand": "Bolthouse",
                                    "title": "Mocha Cappuccino",
                                    "description": null,
                                    "packageSizing": "946 ml, $0.74/100ml",
                                    "pricing": {
                                        "price": "6.99",
                                        "wasPrice": null,
                                        "displayPrice": "$6.99",
                                        "memberOnlyPrice": null,
                                        "mopDisplayPrice": null
                                    },
                                    "pricingUnits": {
                                        "type": "SOLD_BY_EACH",
                                        "unit": "ea",
                                        "interval": 1,
                                        "minOrderQuantity": 1,
                                        "maxOrderQuantity": 25,
                                        "weighted": false
                                    },
                                    "deal": null,
                                    "mopDeal": null,
                                    "pcoDeal": null,
                                    "inventoryIndicator": {
                                        "indicatorId": "OUT",
                                        "text": "Out of Stock"
                                    },
                                    "offerType": "OG",
                                    "offerId": "OG",
                                    "action": null,
                                    "isVariant": false,
                                    "link": "/mocha-cappuccino/p/20312999_EA",
                                    "productVendor": null,
                                    "productVariant": null,
                                    "textBadge": "out-of-stock",
                                    "variantTheme": null,
                                    "articleNumber": "20312999",
                                    "uom": "EA",
                                    "sponsoredCreative": null,
                                    "isSponsored": false,
                                    "isComplementarySponsored": false,
                                    "complementarySponsoredBadgeText": null,
                                    "productBadge": null
                                },
                                {
                                    "index": 21,
                                    "productId": "20280429_EA",
                                    "productImage": [
                                        {
                                            "imageUrl": "https://assets.shop.loblaws.ca/products/20280429/b2/en/front/20280429_front_a06_@2.png",
                                            "smallUrl": "https://assets.shop.loblaws.ca/products/20280429/b1/en/front/20280429_front_a01_@2.png",
                                            "mediumUrl": "https://assets.shop.loblaws.ca/products/20280429/b3/en/front/20280429_front_a06_@2.png",
                                            "largeUrl": "https://assets.shop.loblaws.ca/products/20280429/b2/en/front/20280429_front_a06_@2.png",
                                            "smallRetinaUrl": "https://assets.shop.loblaws.ca/products/20280429/b1/en/front/20280429_front_a01_@2.png",
                                            "mediumRetinaUrl": "https://assets.shop.loblaws.ca/products/20280429/b3/en/front/20280429_front_a06_@2.png",
                                            "largeRetinaUrl": "https://assets.shop.loblaws.ca/products/20280429/b2/en/front/20280429_front_a06_@2.png"
                                        },
                                        {
                                            "imageUrl": "https://assets.shop.loblaws.ca/products/20280429/b2/en/angle/20280429_angle_a06_@2.png",
                                            "smallUrl": "https://assets.shop.loblaws.ca/products/20280429/b1/en/angle/20280429_angle_a01_@2.png",
                                            "mediumUrl": "https://assets.shop.loblaws.ca/products/20280429/b3/en/angle/20280429_angle_a06_@2.png",
                                            "largeUrl": "https://assets.shop.loblaws.ca/products/20280429/b2/en/angle/20280429_angle_a06_@2.png",
                                            "smallRetinaUrl": "https://assets.shop.loblaws.ca/products/20280429/b1/en/angle/20280429_angle_a01_@2.png",
                                            "mediumRetinaUrl": "https://assets.shop.loblaws.ca/products/20280429/b3/en/angle/20280429_angle_a06_@2.png",
                                            "largeRetinaUrl": "https://assets.shop.loblaws.ca/products/20280429/b2/en/angle/20280429_angle_a06_@2.png"
                                        },
                                        {
                                            "imageUrl": "https://assets.shop.loblaws.ca/products/20280429/b2/en/side/20280429_side_a06_@2.png",
                                            "smallUrl": "https://assets.shop.loblaws.ca/products/20280429/b1/en/side/20280429_side_a01_@2.png",
                                            "mediumUrl": "https://assets.shop.loblaws.ca/products/20280429/b3/en/side/20280429_side_a06_@2.png",
                                            "largeUrl": "https://assets.shop.loblaws.ca/products/20280429/b2/en/side/20280429_side_a06_@2.png",
                                            "smallRetinaUrl": "https://assets.shop.loblaws.ca/products/20280429/b1/en/side/20280429_side_a01_@2.png",
                                            "mediumRetinaUrl": "https://assets.shop.loblaws.ca/products/20280429/b3/en/side/20280429_side_a06_@2.png",
                                            "largeRetinaUrl": "https://assets.shop.loblaws.ca/products/20280429/b2/en/side/20280429_side_a06_@2.png"
                                        }
                                    ],
                                    "brand": "Bolthouse",
                                    "title": "Amazing Mango",
                                    "description": null,
                                    "packageSizing": "946 ml, $0.74/100ml",
                                    "pricing": {
                                        "price": "6.99",
                                        "wasPrice": null,
                                        "displayPrice": "$6.99",
                                        "memberOnlyPrice": null,
                                        "mopDisplayPrice": null
                                    },
                                    "pricingUnits": {
                                        "type": "SOLD_BY_EACH",
                                        "unit": "ea",
                                        "interval": 1,
                                        "minOrderQuantity": 1,
                                        "maxOrderQuantity": 25,
                                        "weighted": false
                                    },
                                    "deal": null,
                                    "mopDeal": null,
                                    "pcoDeal": null,
                                    "inventoryIndicator": null,
                                    "offerType": "OG",
                                    "offerId": "OG",
                                    "action": null,
                                    "isVariant": false,
                                    "link": "/amazing-mango/p/20280429_EA",
                                    "productVendor": null,
                                    "productVariant": null,
                                    "textBadge": "",
                                    "variantTheme": null,
                                    "articleNumber": "20280429",
                                    "uom": "EA",
                                    "sponsoredCreative": null,
                                    "isSponsored": false,
                                    "isComplementarySponsored": false,
                                    "complementarySponsoredBadgeText": null,
                                    "productBadge": null
                                },
                                {
                                    "index": 22,
                                    "productId": "20732919_EA",
                                    "productImage": [
                                        {
                                            "imageUrl": "https://assets.shop.loblaws.ca/products/20732919/b2/en/front/20732919_front_a06_@2.png",
                                            "smallUrl": "https://assets.shop.loblaws.ca/products/20732919/b1/en/front/20732919_front_a01_@2.png",
                                            "mediumUrl": "https://assets.shop.loblaws.ca/products/20732919/b3/en/front/20732919_front_a06_@2.png",
                                            "largeUrl": "https://assets.shop.loblaws.ca/products/20732919/b2/en/front/20732919_front_a06_@2.png",
                                            "smallRetinaUrl": "https://assets.shop.loblaws.ca/products/20732919/b1/en/front/20732919_front_a01_@2.png",
                                            "mediumRetinaUrl": "https://assets.shop.loblaws.ca/products/20732919/b3/en/front/20732919_front_a06_@2.png",
                                            "largeRetinaUrl": "https://assets.shop.loblaws.ca/products/20732919/b2/en/front/20732919_front_a06_@2.png"
                                        }
                                    ],
                                    "brand": "Bolthouse",
                                    "title": "Red Goodness",
                                    "description": null,
                                    "packageSizing": "946 ml, $0.74/100ml",
                                    "pricing": {
                                        "price": "6.99",
                                        "wasPrice": null,
                                        "displayPrice": "$6.99",
                                        "memberOnlyPrice": null,
                                        "mopDisplayPrice": null
                                    },
                                    "pricingUnits": {
                                        "type": "SOLD_BY_EACH",
                                        "unit": "ea",
                                        "interval": 1,
                                        "minOrderQuantity": 1,
                                        "maxOrderQuantity": 25,
                                        "weighted": false
                                    },
                                    "deal": null,
                                    "mopDeal": null,
                                    "pcoDeal": null,
                                    "inventoryIndicator": null,
                                    "offerType": "OG",
                                    "offerId": "OG",
                                    "action": null,
                                    "isVariant": false,
                                    "link": "/red-goodness/p/20732919_EA",
                                    "productVendor": null,
                                    "productVariant": null,
                                    "textBadge": "",
                                    "variantTheme": null,
                                    "articleNumber": "20732919",
                                    "uom": "EA",
                                    "sponsoredCreative": null,
                                    "isSponsored": false,
                                    "isComplementarySponsored": false,
                                    "complementarySponsoredBadgeText": null,
                                    "productBadge": null
                                },
                                {
                                    "index": 23,
                                    "productId": "21404599_EA",
                                    "productImage": [
                                        {
                                            "imageUrl": "https://assets.shop.loblaws.ca/products/21404599/b2/en/front/21404599_front_a06_@2.png",
                                            "smallUrl": "https://assets.shop.loblaws.ca/products/21404599/b1/en/front/21404599_front_a01_@2.png",
                                            "mediumUrl": "https://assets.shop.loblaws.ca/products/21404599/b3/en/front/21404599_front_a06_@2.png",
                                            "largeUrl": "https://assets.shop.loblaws.ca/products/21404599/b2/en/front/21404599_front_a06_@2.png",
                                            "smallRetinaUrl": "https://assets.shop.loblaws.ca/products/21404599/b1/en/front/21404599_front_a01_@2.png",
                                            "mediumRetinaUrl": "https://assets.shop.loblaws.ca/products/21404599/b3/en/front/21404599_front_a06_@2.png",
                                            "largeRetinaUrl": "https://assets.shop.loblaws.ca/products/21404599/b2/en/front/21404599_front_a06_@2.png"
                                        }
                                    ],
                                    "brand": "Greenhouse",
                                    "title": "Fiery Ginger",
                                    "description": null,
                                    "packageSizing": "60 ml, $7.48/100ml",
                                    "pricing": {
                                        "price": "4.49",
                                        "wasPrice": null,
                                        "displayPrice": "$4.49",
                                        "memberOnlyPrice": null,
                                        "mopDisplayPrice": null
                                    },
                                    "pricingUnits": {
                                        "type": "SOLD_BY_EACH",
                                        "unit": "ea",
                                        "interval": 1,
                                        "minOrderQuantity": 1,
                                        "maxOrderQuantity": 25,
                                        "weighted": false
                                    },
                                    "deal": {
                                        "type": "MULTI",
                                        "text": "$4.00 MIN 2",
                                        "points": 0,
                                        "name": "MULTI",
                                        "expiryDate": null,
                                        "dealPrice": null
                                    },
                                    "mopDeal": null,
                                    "pcoDeal": null,
                                    "inventoryIndicator": {
                                        "indicatorId": "OUT",
                                        "text": "Out of Stock"
                                    },
                                    "offerType": "OG",
                                    "offerId": "OG",
                                    "action": null,
                                    "isVariant": false,
                                    "link": "/fiery-ginger/p/21404599_EA",
                                    "productVendor": null,
                                    "productVariant": null,
                                    "textBadge": "out-of-stock",
                                    "variantTheme": null,
                                    "articleNumber": "21404599",
                                    "uom": "EA",
                                    "sponsoredCreative": null,
                                    "isSponsored": false,
                                    "isComplementarySponsored": false,
                                    "complementarySponsoredBadgeText": null,
                                    "productBadge": null
                                },
                                {
                                    "index": 24,
                                    "productId": "20322371_EA",
                                    "productImage": [
                                        {
                                            "imageUrl": "https://assets.shop.loblaws.ca/products/20322371/b2/en/front/20322371_front_a06_@2.png",
                                            "smallUrl": "https://assets.shop.loblaws.ca/products/20322371/b1/en/front/20322371_front_a01_@2.png",
                                            "mediumUrl": "https://assets.shop.loblaws.ca/products/20322371/b3/en/front/20322371_front_a06_@2.png",
                                            "largeUrl": "https://assets.shop.loblaws.ca/products/20322371/b2/en/front/20322371_front_a06_@2.png",
                                            "smallRetinaUrl": "https://assets.shop.loblaws.ca/products/20322371/b1/en/front/20322371_front_a01_@2.png",
                                            "mediumRetinaUrl": "https://assets.shop.loblaws.ca/products/20322371/b3/en/front/20322371_front_a06_@2.png",
                                            "largeRetinaUrl": "https://assets.shop.loblaws.ca/products/20322371/b2/en/front/20322371_front_a06_@2.png"
                                        },
                                        {
                                            "imageUrl": "https://assets.shop.loblaws.ca/products/20322371/b2/en/angle/20322371_angle_a06_@2.png",
                                            "smallUrl": "https://assets.shop.loblaws.ca/products/20322371/b1/en/angle/20322371_angle_a01_@2.png",
                                            "mediumUrl": "https://assets.shop.loblaws.ca/products/20322371/b3/en/angle/20322371_angle_a06_@2.png",
                                            "largeUrl": "https://assets.shop.loblaws.ca/products/20322371/b2/en/angle/20322371_angle_a06_@2.png",
                                            "smallRetinaUrl": "https://assets.shop.loblaws.ca/products/20322371/b1/en/angle/20322371_angle_a01_@2.png",
                                            "mediumRetinaUrl": "https://assets.shop.loblaws.ca/products/20322371/b3/en/angle/20322371_angle_a06_@2.png",
                                            "largeRetinaUrl": "https://assets.shop.loblaws.ca/products/20322371/b2/en/angle/20322371_angle_a06_@2.png"
                                        },
                                        {
                                            "imageUrl": "https://assets.shop.loblaws.ca/products/20322371/b2/en/side/20322371_side_a06_@2.png",
                                            "smallUrl": "https://assets.shop.loblaws.ca/products/20322371/b1/en/side/20322371_side_a01_@2.png",
                                            "mediumUrl": "https://assets.shop.loblaws.ca/products/20322371/b3/en/side/20322371_side_a06_@2.png",
                                            "largeUrl": "https://assets.shop.loblaws.ca/products/20322371/b2/en/side/20322371_side_a06_@2.png",
                                            "smallRetinaUrl": "https://assets.shop.loblaws.ca/products/20322371/b1/en/side/20322371_side_a01_@2.png",
                                            "mediumRetinaUrl": "https://assets.shop.loblaws.ca/products/20322371/b3/en/side/20322371_side_a06_@2.png",
                                            "largeRetinaUrl": "https://assets.shop.loblaws.ca/products/20322371/b2/en/side/20322371_side_a06_@2.png"
                                        }
                                    ],
                                    "brand": "Bolthouse",
                                    "title": "Vanilla Chai Tea",
                                    "description": null,
                                    "packageSizing": "946 ml, $0.74/100ml",
                                    "pricing": {
                                        "price": "6.99",
                                        "wasPrice": null,
                                        "displayPrice": "$6.99",
                                        "memberOnlyPrice": null,
                                        "mopDisplayPrice": null
                                    },
                                    "pricingUnits": {
                                        "type": "SOLD_BY_EACH",
                                        "unit": "ea",
                                        "interval": 1,
                                        "minOrderQuantity": 1,
                                        "maxOrderQuantity": 25,
                                        "weighted": false
                                    },
                                    "deal": null,
                                    "mopDeal": null,
                                    "pcoDeal": null,
                                    "inventoryIndicator": {
                                        "indicatorId": "OUT",
                                        "text": "Out of Stock"
                                    },
                                    "offerType": "OG",
                                    "offerId": "OG",
                                    "action": null,
                                    "isVariant": false,
                                    "link": "/vanilla-chai-tea/p/20322371_EA",
                                    "productVendor": null,
                                    "productVariant": null,
                                    "textBadge": "out-of-stock",
                                    "variantTheme": null,
                                    "articleNumber": "20322371",
                                    "uom": "EA",
                                    "sponsoredCreative": null,
                                    "isSponsored": false,
                                    "isComplementarySponsored": false,
                                    "complementarySponsoredBadgeText": null,
                                    "productBadge": null
                                },
                                {
                                    "index": 25,
                                    "productId": "21186483_EA",
                                    "productImage": [
                                        {
                                            "imageUrl": "https://assets.shop.loblaws.ca/products/21186483/b2/en/front/21186483_front_a06_@2.png",
                                            "smallUrl": "https://assets.shop.loblaws.ca/products/21186483/b1/en/front/21186483_front_a01_@2.png",
                                            "mediumUrl": "https://assets.shop.loblaws.ca/products/21186483/b3/en/front/21186483_front_a06_@2.png",
                                            "largeUrl": "https://assets.shop.loblaws.ca/products/21186483/b2/en/front/21186483_front_a06_@2.png",
                                            "smallRetinaUrl": "https://assets.shop.loblaws.ca/products/21186483/b1/en/front/21186483_front_a01_@2.png",
                                            "mediumRetinaUrl": "https://assets.shop.loblaws.ca/products/21186483/b3/en/front/21186483_front_a06_@2.png",
                                            "largeRetinaUrl": "https://assets.shop.loblaws.ca/products/21186483/b2/en/front/21186483_front_a06_@2.png"
                                        }
                                    ],
                                    "brand": "Well",
                                    "title": "Cold Pressed Juice Be Well  ",
                                    "description": null,
                                    "packageSizing": "333 ml, $1.80/100ml",
                                    "pricing": {
                                        "price": "5.99",
                                        "wasPrice": null,
                                        "displayPrice": "$5.99",
                                        "memberOnlyPrice": null,
                                        "mopDisplayPrice": null
                                    },
                                    "pricingUnits": {
                                        "type": "SOLD_BY_EACH",
                                        "unit": "ea",
                                        "interval": 1,
                                        "minOrderQuantity": 1,
                                        "maxOrderQuantity": 25,
                                        "weighted": false
                                    },
                                    "deal": {
                                        "type": "MULTI",
                                        "text": "$5.50 MIN 2",
                                        "points": 0,
                                        "name": "MULTI",
                                        "expiryDate": "2024-07-10T00:00:00Z",
                                        "dealPrice": null
                                    },
                                    "mopDeal": null,
                                    "pcoDeal": null,
                                    "inventoryIndicator": null,
                                    "offerType": "OG",
                                    "offerId": "OG",
                                    "action": null,
                                    "isVariant": false,
                                    "link": "/cold-pressed-juice-be-well/p/21186483_EA",
                                    "productVendor": null,
                                    "productVariant": null,
                                    "textBadge": "",
                                    "variantTheme": null,
                                    "articleNumber": "21186483",
                                    "uom": "EA",
                                    "sponsoredCreative": null,
                                    "isSponsored": false,
                                    "isComplementarySponsored": false,
                                    "complementarySponsoredBadgeText": null,
                                    "productBadge": null
                                },
                                {
                                    "index": 26,
                                    "productId": "21405675_EA",
                                    "productImage": [
                                        {
                                            "imageUrl": "https://assets.shop.loblaws.ca/products/21405675/b2/en/front/21405675_front_a06_@2.png",
                                            "smallUrl": "https://assets.shop.loblaws.ca/products/21405675/b1/en/front/21405675_front_a01_@2.png",
                                            "mediumUrl": "https://assets.shop.loblaws.ca/products/21405675/b3/en/front/21405675_front_a06_@2.png",
                                            "largeUrl": "https://assets.shop.loblaws.ca/products/21405675/b2/en/front/21405675_front_a06_@2.png",
                                            "smallRetinaUrl": "https://assets.shop.loblaws.ca/products/21405675/b1/en/front/21405675_front_a01_@2.png",
                                            "mediumRetinaUrl": "https://assets.shop.loblaws.ca/products/21405675/b3/en/front/21405675_front_a06_@2.png",
                                            "largeRetinaUrl": "https://assets.shop.loblaws.ca/products/21405675/b2/en/front/21405675_front_a06_@2.png"
                                        }
                                    ],
                                    "brand": "Remedy",
                                    "title": "Kombucha Wild Berry",
                                    "description": null,
                                    "packageSizing": "700 ml, $0.86/100ml",
                                    "pricing": {
                                        "price": "5.99",
                                        "wasPrice": null,
                                        "displayPrice": "$5.99",
                                        "memberOnlyPrice": null,
                                        "mopDisplayPrice": null
                                    },
                                    "pricingUnits": {
                                        "type": "SOLD_BY_EACH",
                                        "unit": "ea",
                                        "interval": 1,
                                        "minOrderQuantity": 1,
                                        "maxOrderQuantity": 25,
                                        "weighted": false
                                    },
                                    "deal": {
                                        "type": "MULTI",
                                        "text": "$5.00 MIN 2",
                                        "points": 0,
                                        "name": "MULTI",
                                        "expiryDate": null,
                                        "dealPrice": null
                                    },
                                    "mopDeal": null,
                                    "pcoDeal": null,
                                    "inventoryIndicator": null,
                                    "offerType": "OG",
                                    "offerId": "OG",
                                    "action": null,
                                    "isVariant": false,
                                    "link": "/kombucha-wild-berry/p/21405675_EA",
                                    "productVendor": null,
                                    "productVariant": null,
                                    "textBadge": "",
                                    "variantTheme": null,
                                    "articleNumber": "21405675",
                                    "uom": "EA",
                                    "sponsoredCreative": null,
                                    "isSponsored": false,
                                    "isComplementarySponsored": false,
                                    "complementarySponsoredBadgeText": null,
                                    "productBadge": null
                                },
                                {
                                    "index": 27,
                                    "productId": "21186454_EA",
                                    "productImage": [
                                        {
                                            "imageUrl": "https://assets.shop.loblaws.ca/products/21186454/b2/en/front/21186454_front_a06_@2.png",
                                            "smallUrl": "https://assets.shop.loblaws.ca/products/21186454/b1/en/front/21186454_front_a01_@2.png",
                                            "mediumUrl": "https://assets.shop.loblaws.ca/products/21186454/b3/en/front/21186454_front_a06_@2.png",
                                            "largeUrl": "https://assets.shop.loblaws.ca/products/21186454/b2/en/front/21186454_front_a06_@2.png",
                                            "smallRetinaUrl": "https://assets.shop.loblaws.ca/products/21186454/b1/en/front/21186454_front_a01_@2.png",
                                            "mediumRetinaUrl": "https://assets.shop.loblaws.ca/products/21186454/b3/en/front/21186454_front_a06_@2.png",
                                            "largeRetinaUrl": "https://assets.shop.loblaws.ca/products/21186454/b2/en/front/21186454_front_a06_@2.png"
                                        }
                                    ],
                                    "brand": "Well",
                                    "title": "Cold Pressed Juice C Well  ",
                                    "description": null,
                                    "packageSizing": "333 ml, $1.80/100ml",
                                    "pricing": {
                                        "price": "5.99",
                                        "wasPrice": null,
                                        "displayPrice": "$5.99",
                                        "memberOnlyPrice": null,
                                        "mopDisplayPrice": null
                                    },
                                    "pricingUnits": {
                                        "type": "SOLD_BY_EACH",
                                        "unit": "ea",
                                        "interval": 1,
                                        "minOrderQuantity": 1,
                                        "maxOrderQuantity": 25,
                                        "weighted": false
                                    },
                                    "deal": {
                                        "type": "MULTI",
                                        "text": "$5.50 MIN 2",
                                        "points": 0,
                                        "name": "MULTI",
                                        "expiryDate": "2024-07-10T00:00:00Z",
                                        "dealPrice": null
                                    },
                                    "mopDeal": null,
                                    "pcoDeal": null,
                                    "inventoryIndicator": null,
                                    "offerType": "OG",
                                    "offerId": "OG",
                                    "action": null,
                                    "isVariant": false,
                                    "link": "/cold-pressed-juice-c-well/p/21186454_EA",
                                    "productVendor": null,
                                    "productVariant": null,
                                    "textBadge": "",
                                    "variantTheme": null,
                                    "articleNumber": "21186454",
                                    "uom": "EA",
                                    "sponsoredCreative": null,
                                    "isSponsored": false,
                                    "isComplementarySponsored": false,
                                    "complementarySponsoredBadgeText": null,
                                    "productBadge": null
                                },
                                {
                                    "index": 28,
                                    "productId": "21515124_EA",
                                    "productImage": [
                                        {
                                            "imageUrl": "https://assets.shop.loblaws.ca/products/21515124/b2/en/front/21515124_front_a06_@2.png",
                                            "smallUrl": "https://assets.shop.loblaws.ca/products/21515124/b1/en/front/21515124_front_a01_@2.png",
                                            "mediumUrl": "https://assets.shop.loblaws.ca/products/21515124/b3/en/front/21515124_front_a06_@2.png",
                                            "largeUrl": "https://assets.shop.loblaws.ca/products/21515124/b2/en/front/21515124_front_a06_@2.png",
                                            "smallRetinaUrl": "https://assets.shop.loblaws.ca/products/21515124/b1/en/front/21515124_front_a01_@2.png",
                                            "mediumRetinaUrl": "https://assets.shop.loblaws.ca/products/21515124/b3/en/front/21515124_front_a06_@2.png",
                                            "largeRetinaUrl": "https://assets.shop.loblaws.ca/products/21515124/b2/en/front/21515124_front_a06_@2.png"
                                        }
                                    ],
                                    "brand": "Well",
                                    "title": "Refreshed  Apple + Grapefruit + Lemon + Ginger + Cucumber",
                                    "description": null,
                                    "packageSizing": "333 ml, $1.80/100ml",
                                    "pricing": {
                                        "price": "5.99",
                                        "wasPrice": null,
                                        "displayPrice": "$5.99",
                                        "memberOnlyPrice": null,
                                        "mopDisplayPrice": null
                                    },
                                    "pricingUnits": {
                                        "type": "SOLD_BY_EACH",
                                        "unit": "ea",
                                        "interval": 1,
                                        "minOrderQuantity": 1,
                                        "maxOrderQuantity": 25,
                                        "weighted": false
                                    },
                                    "deal": {
                                        "type": "MULTI",
                                        "text": "$5.50 MIN 2",
                                        "points": 0,
                                        "name": "MULTI",
                                        "expiryDate": "2024-07-10T00:00:00Z",
                                        "dealPrice": null
                                    },
                                    "mopDeal": null,
                                    "pcoDeal": null,
                                    "inventoryIndicator": null,
                                    "offerType": "OG",
                                    "offerId": "OG",
                                    "action": null,
                                    "isVariant": false,
                                    "link": "/refreshed-apple-grapefruit-lemon-ginger-cucumber/p/21515124_EA",
                                    "productVendor": null,
                                    "productVariant": null,
                                    "textBadge": "",
                                    "variantTheme": null,
                                    "articleNumber": "21515124",
                                    "uom": "EA",
                                    "sponsoredCreative": null,
                                    "isSponsored": false,
                                    "isComplementarySponsored": false,
                                    "complementarySponsoredBadgeText": null,
                                    "productBadge": null
                                },
                                {
                                    "index": 29,
                                    "productId": "21543050_EA",
                                    "productImage": [
                                        {
                                            "imageUrl": "https://assets.shop.loblaws.ca/products/21543050/b2/en/front/21543050_front_a06_@2.png",
                                            "smallUrl": "https://assets.shop.loblaws.ca/products/21543050/b1/en/front/21543050_front_a01_@2.png",
                                            "mediumUrl": "https://assets.shop.loblaws.ca/products/21543050/b3/en/front/21543050_front_a06_@2.png",
                                            "largeUrl": "https://assets.shop.loblaws.ca/products/21543050/b2/en/front/21543050_front_a06_@2.png",
                                            "smallRetinaUrl": "https://assets.shop.loblaws.ca/products/21543050/b1/en/front/21543050_front_a01_@2.png",
                                            "mediumRetinaUrl": "https://assets.shop.loblaws.ca/products/21543050/b3/en/front/21543050_front_a06_@2.png",
                                            "largeRetinaUrl": "https://assets.shop.loblaws.ca/products/21543050/b2/en/front/21543050_front_a06_@2.png"
                                        },
                                        {
                                            "imageUrl": "https://assets.shop.loblaws.ca/products/21543050/b2/en/angle/21543050_angle_a06_@2.png",
                                            "smallUrl": "https://assets.shop.loblaws.ca/products/21543050/b1/en/angle/21543050_angle_a01_@2.png",
                                            "mediumUrl": "https://assets.shop.loblaws.ca/products/21543050/b3/en/angle/21543050_angle_a06_@2.png",
                                            "largeUrl": "https://assets.shop.loblaws.ca/products/21543050/b2/en/angle/21543050_angle_a06_@2.png",
                                            "smallRetinaUrl": "https://assets.shop.loblaws.ca/products/21543050/b1/en/angle/21543050_angle_a01_@2.png",
                                            "mediumRetinaUrl": "https://assets.shop.loblaws.ca/products/21543050/b3/en/angle/21543050_angle_a06_@2.png",
                                            "largeRetinaUrl": "https://assets.shop.loblaws.ca/products/21543050/b2/en/angle/21543050_angle_a06_@2.png"
                                        },
                                        {
                                            "imageUrl": "https://assets.shop.loblaws.ca/products/21543050/b2/en/side/21543050_side_a06_@2.png",
                                            "smallUrl": "https://assets.shop.loblaws.ca/products/21543050/b1/en/side/21543050_side_a01_@2.png",
                                            "mediumUrl": "https://assets.shop.loblaws.ca/products/21543050/b3/en/side/21543050_side_a06_@2.png",
                                            "largeUrl": "https://assets.shop.loblaws.ca/products/21543050/b2/en/side/21543050_side_a06_@2.png",
                                            "smallRetinaUrl": "https://assets.shop.loblaws.ca/products/21543050/b1/en/side/21543050_side_a01_@2.png",
                                            "mediumRetinaUrl": "https://assets.shop.loblaws.ca/products/21543050/b3/en/side/21543050_side_a06_@2.png",
                                            "largeRetinaUrl": "https://assets.shop.loblaws.ca/products/21543050/b2/en/side/21543050_side_a06_@2.png"
                                        }
                                    ],
                                    "brand": "Bolthouse",
                                    "title": "100% Orange Juice",
                                    "description": null,
                                    "packageSizing": "946 ml, $0.74/100ml",
                                    "pricing": {
                                        "price": "6.99",
                                        "wasPrice": null,
                                        "displayPrice": "$6.99",
                                        "memberOnlyPrice": null,
                                        "mopDisplayPrice": null
                                    },
                                    "pricingUnits": {
                                        "type": "SOLD_BY_EACH",
                                        "unit": "ea",
                                        "interval": 1,
                                        "minOrderQuantity": 1,
                                        "maxOrderQuantity": 25,
                                        "weighted": false
                                    },
                                    "deal": null,
                                    "mopDeal": null,
                                    "pcoDeal": null,
                                    "inventoryIndicator": {
                                        "indicatorId": "LOW",
                                        "text": "Low Stock"
                                    },
                                    "offerType": "OG",
                                    "offerId": "OG",
                                    "action": null,
                                    "isVariant": false,
                                    "link": "/100-orange-juice/p/21543050_EA",
                                    "productVendor": null,
                                    "productVariant": null,
                                    "textBadge": "low-inventory",
                                    "variantTheme": null,
                                    "articleNumber": "21543050",
                                    "uom": "EA",
                                    "sponsoredCreative": null,
                                    "isSponsored": false,
                                    "isComplementarySponsored": false,
                                    "complementarySponsoredBadgeText": null,
                                    "productBadge": null
                                },
                                {
                                    "index": 30,
                                    "productId": "20102971_EA",
                                    "productImage": [
                                        {
                                            "imageUrl": "https://assets.shop.loblaws.ca/products/20102971/b2/en/front/20102971_front_a06_@2.png",
                                            "smallUrl": "https://assets.shop.loblaws.ca/products/20102971/b1/en/front/20102971_front_a01_@2.png",
                                            "mediumUrl": "https://assets.shop.loblaws.ca/products/20102971/b3/en/front/20102971_front_a06_@2.png",
                                            "largeUrl": "https://assets.shop.loblaws.ca/products/20102971/b2/en/front/20102971_front_a06_@2.png",
                                            "smallRetinaUrl": "https://assets.shop.loblaws.ca/products/20102971/b1/en/front/20102971_front_a01_@2.png",
                                            "mediumRetinaUrl": "https://assets.shop.loblaws.ca/products/20102971/b3/en/front/20102971_front_a06_@2.png",
                                            "largeRetinaUrl": "https://assets.shop.loblaws.ca/products/20102971/b2/en/front/20102971_front_a06_@2.png"
                                        }
                                    ],
                                    "brand": "President's Choice",
                                    "title": "Fresh-Pressed Sweet Apple Cider",
                                    "description": "A healthy diet rich in a variety of vegetables and fruit may help reduce the risk of some types of cancer.",
                                    "packageSizing": "2 l, $0.30/100ml",
                                    "pricing": {
                                        "price": "5.99",
                                        "wasPrice": null,
                                        "displayPrice": "$5.99",
                                        "memberOnlyPrice": null,
                                        "mopDisplayPrice": null
                                    },
                                    "pricingUnits": {
                                        "type": "SOLD_BY_EACH",
                                        "unit": "ea",
                                        "interval": 1,
                                        "minOrderQuantity": 1,
                                        "maxOrderQuantity": 25,
                                        "weighted": false
                                    },
                                    "deal": null,
                                    "mopDeal": null,
                                    "pcoDeal": null,
                                    "inventoryIndicator": null,
                                    "offerType": "OG",
                                    "offerId": "OG",
                                    "action": null,
                                    "isVariant": false,
                                    "link": "/fresh-pressed-sweet-apple-cider/p/20102971_EA",
                                    "productVendor": null,
                                    "productVariant": null,
                                    "textBadge": "",
                                    "variantTheme": null,
                                    "articleNumber": "20102971",
                                    "uom": "EA",
                                    "sponsoredCreative": null,
                                    "isSponsored": false,
                                    "isComplementarySponsored": false,
                                    "complementarySponsoredBadgeText": null,
                                    "productBadge": null
                                },
                                {
                                    "index": 31,
                                    "productId": "21107322_EA",
                                    "productImage": [
                                        {
                                            "imageUrl": "https://assets.shop.loblaws.ca/products/21107322/b2/en/front/21107322_front_a06_@2.png",
                                            "smallUrl": "https://assets.shop.loblaws.ca/products/21107322/b1/en/front/21107322_front_a01_@2.png",
                                            "mediumUrl": "https://assets.shop.loblaws.ca/products/21107322/b3/en/front/21107322_front_a06_@2.png",
                                            "largeUrl": "https://assets.shop.loblaws.ca/products/21107322/b2/en/front/21107322_front_a06_@2.png",
                                            "smallRetinaUrl": "https://assets.shop.loblaws.ca/products/21107322/b1/en/front/21107322_front_a01_@2.png",
                                            "mediumRetinaUrl": "https://assets.shop.loblaws.ca/products/21107322/b3/en/front/21107322_front_a06_@2.png",
                                            "largeRetinaUrl": "https://assets.shop.loblaws.ca/products/21107322/b2/en/front/21107322_front_a06_@2.png"
                                        },
                                        {
                                            "imageUrl": "https://assets.shop.loblaws.ca/products/21107322/b2/en/angle/21107322_angle_a06_@2.png",
                                            "smallUrl": "https://assets.shop.loblaws.ca/products/21107322/b1/en/angle/21107322_angle_a01_@2.png",
                                            "mediumUrl": "https://assets.shop.loblaws.ca/products/21107322/b3/en/angle/21107322_angle_a06_@2.png",
                                            "largeUrl": "https://assets.shop.loblaws.ca/products/21107322/b2/en/angle/21107322_angle_a06_@2.png",
                                            "smallRetinaUrl": "https://assets.shop.loblaws.ca/products/21107322/b1/en/angle/21107322_angle_a01_@2.png",
                                            "mediumRetinaUrl": "https://assets.shop.loblaws.ca/products/21107322/b3/en/angle/21107322_angle_a06_@2.png",
                                            "largeRetinaUrl": "https://assets.shop.loblaws.ca/products/21107322/b2/en/angle/21107322_angle_a06_@2.png"
                                        },
                                        {
                                            "imageUrl": "https://assets.shop.loblaws.ca/products/21107322/b2/en/side/21107322_side_a06_@2.png",
                                            "smallUrl": "https://assets.shop.loblaws.ca/products/21107322/b1/en/side/21107322_side_a01_@2.png",
                                            "mediumUrl": "https://assets.shop.loblaws.ca/products/21107322/b3/en/side/21107322_side_a06_@2.png",
                                            "largeUrl": "https://assets.shop.loblaws.ca/products/21107322/b2/en/side/21107322_side_a06_@2.png",
                                            "smallRetinaUrl": "https://assets.shop.loblaws.ca/products/21107322/b1/en/side/21107322_side_a01_@2.png",
                                            "mediumRetinaUrl": "https://assets.shop.loblaws.ca/products/21107322/b3/en/side/21107322_side_a06_@2.png",
                                            "largeRetinaUrl": "https://assets.shop.loblaws.ca/products/21107322/b2/en/side/21107322_side_a06_@2.png"
                                        }
                                    ],
                                    "brand": "Greenhouse",
                                    "title": "Raw, Organic Juice Gatsby",
                                    "description": null,
                                    "packageSizing": "300 ml, $2.66/100ml",
                                    "pricing": {
                                        "price": "7.99",
                                        "wasPrice": null,
                                        "displayPrice": "$7.99",
                                        "memberOnlyPrice": null,
                                        "mopDisplayPrice": null
                                    },
                                    "pricingUnits": {
                                        "type": "SOLD_BY_EACH",
                                        "unit": "ea",
                                        "interval": 1,
                                        "minOrderQuantity": 1,
                                        "maxOrderQuantity": 25,
                                        "weighted": false
                                    },
                                    "deal": null,
                                    "mopDeal": null,
                                    "pcoDeal": null,
                                    "inventoryIndicator": null,
                                    "offerType": "OG",
                                    "offerId": "OG",
                                    "action": null,
                                    "isVariant": false,
                                    "link": "/raw-organic-juice-gatsby/p/21107322_EA",
                                    "productVendor": null,
                                    "productVariant": null,
                                    "textBadge": "",
                                    "variantTheme": null,
                                    "articleNumber": "21107322",
                                    "uom": "EA",
                                    "sponsoredCreative": null,
                                    "isSponsored": false,
                                    "isComplementarySponsored": false,
                                    "complementarySponsoredBadgeText": null,
                                    "productBadge": null
                                },
                                {
                                    "index": 32,
                                    "productId": "21205533_EA",
                                    "productImage": [
                                        {
                                            "imageUrl": "https://assets.shop.loblaws.ca/products/21205533/b2/en/front/21205533_front_a06_@2.png",
                                            "smallUrl": "https://assets.shop.loblaws.ca/products/21205533/b1/en/front/21205533_front_a01_@2.png",
                                            "mediumUrl": "https://assets.shop.loblaws.ca/products/21205533/b3/en/front/21205533_front_a06_@2.png",
                                            "largeUrl": "https://assets.shop.loblaws.ca/products/21205533/b2/en/front/21205533_front_a06_@2.png",
                                            "smallRetinaUrl": "https://assets.shop.loblaws.ca/products/21205533/b1/en/front/21205533_front_a01_@2.png",
                                            "mediumRetinaUrl": "https://assets.shop.loblaws.ca/products/21205533/b3/en/front/21205533_front_a06_@2.png",
                                            "largeRetinaUrl": "https://assets.shop.loblaws.ca/products/21205533/b2/en/front/21205533_front_a06_@2.png"
                                        },
                                        {
                                            "imageUrl": "https://assets.shop.loblaws.ca/products/21205533/b2/en/angle/21205533_angle_a06_@2.png",
                                            "smallUrl": "https://assets.shop.loblaws.ca/products/21205533/b1/en/angle/21205533_angle_a01_@2.png",
                                            "mediumUrl": "https://assets.shop.loblaws.ca/products/21205533/b3/en/angle/21205533_angle_a06_@2.png",
                                            "largeUrl": "https://assets.shop.loblaws.ca/products/21205533/b2/en/angle/21205533_angle_a06_@2.png",
                                            "smallRetinaUrl": "https://assets.shop.loblaws.ca/products/21205533/b1/en/angle/21205533_angle_a01_@2.png",
                                            "mediumRetinaUrl": "https://assets.shop.loblaws.ca/products/21205533/b3/en/angle/21205533_angle_a06_@2.png",
                                            "largeRetinaUrl": "https://assets.shop.loblaws.ca/products/21205533/b2/en/angle/21205533_angle_a06_@2.png"
                                        }
                                    ],
                                    "brand": null,
                                    "title": "Fresh Orange Juice",
                                    "description": null,
                                    "packageSizing": "1000 ml, $1.20/100ml",
                                    "pricing": {
                                        "price": "12.00",
                                        "wasPrice": null,
                                        "displayPrice": "$12.00",
                                        "memberOnlyPrice": null,
                                        "mopDisplayPrice": null
                                    },
                                    "pricingUnits": {
                                        "type": "SOLD_BY_EACH",
                                        "unit": "ea",
                                        "interval": 1,
                                        "minOrderQuantity": 1,
                                        "maxOrderQuantity": 25,
                                        "weighted": false
                                    },
                                    "deal": null,
                                    "mopDeal": null,
                                    "pcoDeal": null,
                                    "inventoryIndicator": null,
                                    "offerType": "OG",
                                    "offerId": "OG",
                                    "action": null,
                                    "isVariant": false,
                                    "link": "/fresh-orange-juice/p/21205533_EA",
                                    "productVendor": null,
                                    "productVariant": null,
                                    "textBadge": "",
                                    "variantTheme": null,
                                    "articleNumber": "21205533",
                                    "uom": "EA",
                                    "sponsoredCreative": null,
                                    "isSponsored": false,
                                    "isComplementarySponsored": false,
                                    "complementarySponsoredBadgeText": null,
                                    "productBadge": null
                                },
                                {
                                    "index": 33,
                                    "productId": "21358632_EA",
                                    "productImage": [
                                        {
                                            "imageUrl": "https://assets.shop.loblaws.ca/products/21358632/b2/en/front/21358632_front_a06_@2.png",
                                            "smallUrl": "https://assets.shop.loblaws.ca/products/21358632/b1/en/front/21358632_front_a01_@2.png",
                                            "mediumUrl": "https://assets.shop.loblaws.ca/products/21358632/b3/en/front/21358632_front_a06_@2.png",
                                            "largeUrl": "https://assets.shop.loblaws.ca/products/21358632/b2/en/front/21358632_front_a06_@2.png",
                                            "smallRetinaUrl": "https://assets.shop.loblaws.ca/products/21358632/b1/en/front/21358632_front_a01_@2.png",
                                            "mediumRetinaUrl": "https://assets.shop.loblaws.ca/products/21358632/b3/en/front/21358632_front_a06_@2.png",
                                            "largeRetinaUrl": "https://assets.shop.loblaws.ca/products/21358632/b2/en/front/21358632_front_a06_@2.png"
                                        },
                                        {
                                            "imageUrl": "https://assets.shop.loblaws.ca/products/21358632/b2/en/angle/21358632_angle_a06_@2.png",
                                            "smallUrl": "https://assets.shop.loblaws.ca/products/21358632/b1/en/angle/21358632_angle_a01_@2.png",
                                            "mediumUrl": "https://assets.shop.loblaws.ca/products/21358632/b3/en/angle/21358632_angle_a06_@2.png",
                                            "largeUrl": "https://assets.shop.loblaws.ca/products/21358632/b2/en/angle/21358632_angle_a06_@2.png",
                                            "smallRetinaUrl": "https://assets.shop.loblaws.ca/products/21358632/b1/en/angle/21358632_angle_a01_@2.png",
                                            "mediumRetinaUrl": "https://assets.shop.loblaws.ca/products/21358632/b3/en/angle/21358632_angle_a06_@2.png",
                                            "largeRetinaUrl": "https://assets.shop.loblaws.ca/products/21358632/b2/en/angle/21358632_angle_a06_@2.png"
                                        }
                                    ],
                                    "brand": null,
                                    "title": "Fresh Orange, Spinach, Kale, Celery Juice",
                                    "description": "High in vitamins and nutrients. We use a cold pressing process that slowly presses the fruits and veggies. The result is a bottled juice with a freshly squeezed taste and a higher nutrient value! You are sure to gain the upper-immunity-hand by drinking this juice loaded with an immune-boosting blend of Vitamin C-packed oranges, Spinach, Kale and Celery.",
                                    "packageSizing": "1 ea, $13.00/1ea",
                                    "pricing": {
                                        "price": "13.00",
                                        "wasPrice": null,
                                        "displayPrice": "$13.00",
                                        "memberOnlyPrice": null,
                                        "mopDisplayPrice": null
                                    },
                                    "pricingUnits": {
                                        "type": "SOLD_BY_EACH",
                                        "unit": "ea",
                                        "interval": 1,
                                        "minOrderQuantity": 1,
                                        "maxOrderQuantity": 25,
                                        "weighted": false
                                    },
                                    "deal": null,
                                    "mopDeal": null,
                                    "pcoDeal": null,
                                    "inventoryIndicator": null,
                                    "offerType": "OG",
                                    "offerId": "OG",
                                    "action": null,
                                    "isVariant": false,
                                    "link": "/fresh-orange-spinach-kale-celery-juice/p/21358632_EA",
                                    "productVendor": null,
                                    "productVariant": null,
                                    "textBadge": "",
                                    "variantTheme": null,
                                    "articleNumber": "21358632",
                                    "uom": "EA",
                                    "sponsoredCreative": null,
                                    "isSponsored": false,
                                    "isComplementarySponsored": false,
                                    "complementarySponsoredBadgeText": null,
                                    "productBadge": null
                                },
                                {
                                    "index": 34,
                                    "productId": "21362499_EA",
                                    "productImage": [
                                        {
                                            "imageUrl": "https://assets.shop.loblaws.ca/products/21362499/b2/en/front/21362499_front_a06_@2.png",
                                            "smallUrl": "https://assets.shop.loblaws.ca/products/21362499/b1/en/front/21362499_front_a01_@2.png",
                                            "mediumUrl": "https://assets.shop.loblaws.ca/products/21362499/b3/en/front/21362499_front_a06_@2.png",
                                            "largeUrl": "https://assets.shop.loblaws.ca/products/21362499/b2/en/front/21362499_front_a06_@2.png",
                                            "smallRetinaUrl": "https://assets.shop.loblaws.ca/products/21362499/b1/en/front/21362499_front_a01_@2.png",
                                            "mediumRetinaUrl": "https://assets.shop.loblaws.ca/products/21362499/b3/en/front/21362499_front_a06_@2.png",
                                            "largeRetinaUrl": "https://assets.shop.loblaws.ca/products/21362499/b2/en/front/21362499_front_a06_@2.png"
                                        }
                                    ],
                                    "brand": "COVE",
                                    "title": "Organic Raspberry Lemon Kombucha",
                                    "description": null,
                                    "packageSizing": "355 ml, $0.98/100ml",
                                    "pricing": {
                                        "price": "3.49",
                                        "wasPrice": null,
                                        "displayPrice": "$3.49",
                                        "memberOnlyPrice": null,
                                        "mopDisplayPrice": null
                                    },
                                    "pricingUnits": {
                                        "type": "SOLD_BY_EACH",
                                        "unit": "ea",
                                        "interval": 1,
                                        "minOrderQuantity": 1,
                                        "maxOrderQuantity": 25,
                                        "weighted": false
                                    },
                                    "deal": null,
                                    "mopDeal": null,
                                    "pcoDeal": null,
                                    "inventoryIndicator": null,
                                    "offerType": "OG",
                                    "offerId": "OG",
                                    "action": null,
                                    "isVariant": false,
                                    "link": "/organic-raspberry-lemon-kombucha/p/21362499_EA",
                                    "productVendor": null,
                                    "productVariant": null,
                                    "textBadge": "",
                                    "variantTheme": null,
                                    "articleNumber": "21362499",
                                    "uom": "EA",
                                    "sponsoredCreative": null,
                                    "isSponsored": false,
                                    "isComplementarySponsored": false,
                                    "complementarySponsoredBadgeText": null,
                                    "productBadge": null
                                },
                                {
                                    "index": 35,
                                    "productId": "20104024_EA",
                                    "productImage": [
                                        {
                                            "imageUrl": "https://assets.shop.loblaws.ca/products/20104024/b2/en/front/20104024_front_a06_@2.png",
                                            "smallUrl": "https://assets.shop.loblaws.ca/products/20104024/b1/en/front/20104024_front_a01_@2.png",
                                            "mediumUrl": "https://assets.shop.loblaws.ca/products/20104024/b3/en/front/20104024_front_a06_@2.png",
                                            "largeUrl": "https://assets.shop.loblaws.ca/products/20104024/b2/en/front/20104024_front_a06_@2.png",
                                            "smallRetinaUrl": "https://assets.shop.loblaws.ca/products/20104024/b1/en/front/20104024_front_a01_@2.png",
                                            "mediumRetinaUrl": "https://assets.shop.loblaws.ca/products/20104024/b3/en/front/20104024_front_a06_@2.png",
                                            "largeRetinaUrl": "https://assets.shop.loblaws.ca/products/20104024/b2/en/front/20104024_front_a06_@2.png"
                                        },
                                        {
                                            "imageUrl": "https://assets.shop.loblaws.ca/products/20104024/b2/en/angle/20104024_angle_a06_@2.png",
                                            "smallUrl": "https://assets.shop.loblaws.ca/products/20104024/b1/en/angle/20104024_angle_a01_@2.png",
                                            "mediumUrl": "https://assets.shop.loblaws.ca/products/20104024/b3/en/angle/20104024_angle_a06_@2.png",
                                            "largeUrl": "https://assets.shop.loblaws.ca/products/20104024/b2/en/angle/20104024_angle_a06_@2.png",
                                            "smallRetinaUrl": "https://assets.shop.loblaws.ca/products/20104024/b1/en/angle/20104024_angle_a01_@2.png",
                                            "mediumRetinaUrl": "https://assets.shop.loblaws.ca/products/20104024/b3/en/angle/20104024_angle_a06_@2.png",
                                            "largeRetinaUrl": "https://assets.shop.loblaws.ca/products/20104024/b2/en/angle/20104024_angle_a06_@2.png"
                                        },
                                        {
                                            "imageUrl": "https://assets.shop.loblaws.ca/products/20104024/b2/en/side/20104024_side_a06_@2.png",
                                            "smallUrl": "https://assets.shop.loblaws.ca/products/20104024/b1/en/side/20104024_side_a01_@2.png",
                                            "mediumUrl": "https://assets.shop.loblaws.ca/products/20104024/b3/en/side/20104024_side_a06_@2.png",
                                            "largeUrl": "https://assets.shop.loblaws.ca/products/20104024/b2/en/side/20104024_side_a06_@2.png",
                                            "smallRetinaUrl": "https://assets.shop.loblaws.ca/products/20104024/b1/en/side/20104024_side_a01_@2.png",
                                            "mediumRetinaUrl": "https://assets.shop.loblaws.ca/products/20104024/b3/en/side/20104024_side_a06_@2.png",
                                            "largeRetinaUrl": "https://assets.shop.loblaws.ca/products/20104024/b2/en/side/20104024_side_a06_@2.png"
                                        }
                                    ],
                                    "brand": "Bolthouse",
                                    "title": "Strawberry Banana",
                                    "description": null,
                                    "packageSizing": "450 ml, $1.11/100ml",
                                    "pricing": {
                                        "price": "4.99",
                                        "wasPrice": null,
                                        "displayPrice": "$4.99",
                                        "memberOnlyPrice": null,
                                        "mopDisplayPrice": null
                                    },
                                    "pricingUnits": {
                                        "type": "SOLD_BY_EACH",
                                        "unit": "ea",
                                        "interval": 1,
                                        "minOrderQuantity": 1,
                                        "maxOrderQuantity": 25,
                                        "weighted": false
                                    },
                                    "deal": null,
                                    "mopDeal": null,
                                    "pcoDeal": null,
                                    "inventoryIndicator": null,
                                    "offerType": "OG",
                                    "offerId": "OG",
                                    "action": null,
                                    "isVariant": false,
                                    "link": "/strawberry-banana/p/20104024_EA",
                                    "productVendor": null,
                                    "productVariant": null,
                                    "textBadge": "",
                                    "variantTheme": null,
                                    "articleNumber": "20104024",
                                    "uom": "EA",
                                    "sponsoredCreative": null,
                                    "isSponsored": false,
                                    "isComplementarySponsored": false,
                                    "complementarySponsoredBadgeText": null,
                                    "productBadge": null
                                },
                                {
                                    "index": 36,
                                    "productId": "21054423_EA",
                                    "productImage": [
                                        {
                                            "imageUrl": "https://assets.shop.loblaws.ca/products/21054423/b2/en/front/21054423_front_a06_@2.png",
                                            "smallUrl": "https://assets.shop.loblaws.ca/products/21054423/b1/en/front/21054423_front_a01_@2.png",
                                            "mediumUrl": "https://assets.shop.loblaws.ca/products/21054423/b3/en/front/21054423_front_a06_@2.png",
                                            "largeUrl": "https://assets.shop.loblaws.ca/products/21054423/b2/en/front/21054423_front_a06_@2.png",
                                            "smallRetinaUrl": "https://assets.shop.loblaws.ca/products/21054423/b1/en/front/21054423_front_a01_@2.png",
                                            "mediumRetinaUrl": "https://assets.shop.loblaws.ca/products/21054423/b3/en/front/21054423_front_a06_@2.png",
                                            "largeRetinaUrl": "https://assets.shop.loblaws.ca/products/21054423/b2/en/front/21054423_front_a06_@2.png"
                                        }
                                    ],
                                    "brand": "President's Choice",
                                    "title": "Honeycrisp Sweet Apple Cider",
                                    "description": "Known for their honey sweet taste with a hint of tartness, honeycrisp apples give traditional sweet apple cider an even more refreshing twist. Sure to please both kids and adults, this fresh-pressed cider is made with 100% Canadian tree-picked apples.",
                                    "packageSizing": "3000 ml, $0.20/100ml",
                                    "pricing": {
                                        "price": "5.99",
                                        "wasPrice": "$8.99",
                                        "displayPrice": "$5.99",
                                        "memberOnlyPrice": null,
                                        "mopDisplayPrice": null
                                    },
                                    "pricingUnits": {
                                        "type": "SOLD_BY_EACH",
                                        "unit": "ea",
                                        "interval": 1,
                                        "minOrderQuantity": 1,
                                        "maxOrderQuantity": 25,
                                        "weighted": false
                                    },
                                    "deal": {
                                        "type": "SALE",
                                        "text": "SAVE $3.00",
                                        "points": 0,
                                        "name": "SALE",
                                        "expiryDate": "2024-07-10T00:00:00Z",
                                        "dealPrice": null
                                    },
                                    "mopDeal": null,
                                    "pcoDeal": null,
                                    "inventoryIndicator": {
                                        "indicatorId": "LOW",
                                        "text": "Low Stock"
                                    },
                                    "offerType": "OG",
                                    "offerId": "OG",
                                    "action": null,
                                    "isVariant": false,
                                    "link": "/honeycrisp-sweet-apple-cider/p/21054423_EA",
                                    "productVendor": null,
                                    "productVariant": null,
                                    "textBadge": "low-inventory",
                                    "variantTheme": null,
                                    "articleNumber": "21054423",
                                    "uom": "EA",
                                    "sponsoredCreative": null,
                                    "isSponsored": false,
                                    "isComplementarySponsored": false,
                                    "complementarySponsoredBadgeText": null,
                                    "productBadge": null
                                },
                                {
                                    "index": 37,
                                    "productId": "20609213_EA",
                                    "productImage": [
                                        {
                                            "imageUrl": "https://assets.shop.loblaws.ca/products/20609213/b2/en/front/20609213_front_a06_@2.png",
                                            "smallUrl": "https://assets.shop.loblaws.ca/products/20609213/b1/en/front/20609213_front_a01_@2.png",
                                            "mediumUrl": "https://assets.shop.loblaws.ca/products/20609213/b3/en/front/20609213_front_a06_@2.png",
                                            "largeUrl": "https://assets.shop.loblaws.ca/products/20609213/b2/en/front/20609213_front_a06_@2.png",
                                            "smallRetinaUrl": "https://assets.shop.loblaws.ca/products/20609213/b1/en/front/20609213_front_a01_@2.png",
                                            "mediumRetinaUrl": "https://assets.shop.loblaws.ca/products/20609213/b3/en/front/20609213_front_a06_@2.png",
                                            "largeRetinaUrl": "https://assets.shop.loblaws.ca/products/20609213/b2/en/front/20609213_front_a06_@2.png"
                                        }
                                    ],
                                    "brand": "POM Wonderful",
                                    "title": "Pomegranate Juice",
                                    "description": null,
                                    "packageSizing": "710 ml, $1.41/100ml",
                                    "pricing": {
                                        "price": "9.99",
                                        "wasPrice": null,
                                        "displayPrice": "$9.99",
                                        "memberOnlyPrice": null,
                                        "mopDisplayPrice": null
                                    },
                                    "pricingUnits": {
                                        "type": "SOLD_BY_EACH",
                                        "unit": "ea",
                                        "interval": 1,
                                        "minOrderQuantity": 1,
                                        "maxOrderQuantity": 25,
                                        "weighted": false
                                    },
                                    "deal": null,
                                    "mopDeal": null,
                                    "pcoDeal": null,
                                    "inventoryIndicator": null,
                                    "offerType": "OG",
                                    "offerId": "OG",
                                    "action": null,
                                    "isVariant": false,
                                    "link": "/pomegranate-juice/p/20609213_EA",
                                    "productVendor": null,
                                    "productVariant": null,
                                    "textBadge": "",
                                    "variantTheme": null,
                                    "articleNumber": "20609213",
                                    "uom": "EA",
                                    "sponsoredCreative": null,
                                    "isSponsored": false,
                                    "isComplementarySponsored": false,
                                    "complementarySponsoredBadgeText": null,
                                    "productBadge": null
                                },
                                {
                                    "index": 38,
                                    "productId": "21335625_EA",
                                    "productImage": [
                                        {
                                            "imageUrl": "https://assets.shop.loblaws.ca/products/21335625/b2/en/front/21335625_front_a06_@2.png",
                                            "smallUrl": "https://assets.shop.loblaws.ca/products/21335625/b1/en/front/21335625_front_a01_@2.png",
                                            "mediumUrl": "https://assets.shop.loblaws.ca/products/21335625/b3/en/front/21335625_front_a06_@2.png",
                                            "largeUrl": "https://assets.shop.loblaws.ca/products/21335625/b2/en/front/21335625_front_a06_@2.png",
                                            "smallRetinaUrl": "https://assets.shop.loblaws.ca/products/21335625/b1/en/front/21335625_front_a01_@2.png",
                                            "mediumRetinaUrl": "https://assets.shop.loblaws.ca/products/21335625/b3/en/front/21335625_front_a06_@2.png",
                                            "largeRetinaUrl": "https://assets.shop.loblaws.ca/products/21335625/b2/en/front/21335625_front_a06_@2.png"
                                        },
                                        {
                                            "imageUrl": "https://assets.shop.loblaws.ca/products/21335625/b2/en/angle/21335625_angle_a06_@2.png",
                                            "smallUrl": "https://assets.shop.loblaws.ca/products/21335625/b1/en/angle/21335625_angle_a01_@2.png",
                                            "mediumUrl": "https://assets.shop.loblaws.ca/products/21335625/b3/en/angle/21335625_angle_a06_@2.png",
                                            "largeUrl": "https://assets.shop.loblaws.ca/products/21335625/b2/en/angle/21335625_angle_a06_@2.png",
                                            "smallRetinaUrl": "https://assets.shop.loblaws.ca/products/21335625/b1/en/angle/21335625_angle_a01_@2.png",
                                            "mediumRetinaUrl": "https://assets.shop.loblaws.ca/products/21335625/b3/en/angle/21335625_angle_a06_@2.png",
                                            "largeRetinaUrl": "https://assets.shop.loblaws.ca/products/21335625/b2/en/angle/21335625_angle_a06_@2.png"
                                        },
                                        {
                                            "imageUrl": "https://assets.shop.loblaws.ca/products/21335625/b2/en/side/21335625_side_a06_@2.png",
                                            "smallUrl": "https://assets.shop.loblaws.ca/products/21335625/b1/en/side/21335625_side_a01_@2.png",
                                            "mediumUrl": "https://assets.shop.loblaws.ca/products/21335625/b3/en/side/21335625_side_a06_@2.png",
                                            "largeUrl": "https://assets.shop.loblaws.ca/products/21335625/b2/en/side/21335625_side_a06_@2.png",
                                            "smallRetinaUrl": "https://assets.shop.loblaws.ca/products/21335625/b1/en/side/21335625_side_a01_@2.png",
                                            "mediumRetinaUrl": "https://assets.shop.loblaws.ca/products/21335625/b3/en/side/21335625_side_a06_@2.png",
                                            "largeRetinaUrl": "https://assets.shop.loblaws.ca/products/21335625/b2/en/side/21335625_side_a06_@2.png"
                                        }
                                    ],
                                    "brand": "Greenhouse",
                                    "title": "Fiery Ginger Juice",
                                    "description": null,
                                    "packageSizing": "240 ml, $6.25/100ml",
                                    "pricing": {
                                        "price": "14.99",
                                        "wasPrice": null,
                                        "displayPrice": "$14.99",
                                        "memberOnlyPrice": null,
                                        "mopDisplayPrice": null
                                    },
                                    "pricingUnits": {
                                        "type": "SOLD_BY_EACH",
                                        "unit": "ea",
                                        "interval": 1,
                                        "minOrderQuantity": 1,
                                        "maxOrderQuantity": 25,
                                        "weighted": false
                                    },
                                    "deal": null,
                                    "mopDeal": null,
                                    "pcoDeal": null,
                                    "inventoryIndicator": {
                                        "indicatorId": "LOW",
                                        "text": "Low Stock"
                                    },
                                    "offerType": "OG",
                                    "offerId": "OG",
                                    "action": null,
                                    "isVariant": false,
                                    "link": "/fiery-ginger-juice/p/21335625_EA",
                                    "productVendor": null,
                                    "productVariant": null,
                                    "textBadge": "low-inventory",
                                    "variantTheme": null,
                                    "articleNumber": "21335625",
                                    "uom": "EA",
                                    "sponsoredCreative": null,
                                    "isSponsored": false,
                                    "isComplementarySponsored": false,
                                    "complementarySponsoredBadgeText": null,
                                    "productBadge": null
                                },
                                {
                                    "index": 39,
                                    "productId": "21205496_EA",
                                    "productImage": [
                                        {
                                            "imageUrl": "https://assets.shop.loblaws.ca/products/21205496/b2/en/front/21205496_front_a06_@2.png",
                                            "smallUrl": "https://assets.shop.loblaws.ca/products/21205496/b1/en/front/21205496_front_a01_@2.png",
                                            "mediumUrl": "https://assets.shop.loblaws.ca/products/21205496/b3/en/front/21205496_front_a06_@2.png",
                                            "largeUrl": "https://assets.shop.loblaws.ca/products/21205496/b2/en/front/21205496_front_a06_@2.png",
                                            "smallRetinaUrl": "https://assets.shop.loblaws.ca/products/21205496/b1/en/front/21205496_front_a01_@2.png",
                                            "mediumRetinaUrl": "https://assets.shop.loblaws.ca/products/21205496/b3/en/front/21205496_front_a06_@2.png",
                                            "largeRetinaUrl": "https://assets.shop.loblaws.ca/products/21205496/b2/en/front/21205496_front_a06_@2.png"
                                        }
                                    ],
                                    "brand": "Loop",
                                    "title": "Morning Glory Juice    ",
                                    "description": null,
                                    "packageSizing": "947 ml, $1.00/100ml",
                                    "pricing": {
                                        "price": "9.99",
                                        "wasPrice": null,
                                        "displayPrice": "$9.99",
                                        "memberOnlyPrice": null,
                                        "mopDisplayPrice": null
                                    },
                                    "pricingUnits": {
                                        "type": "SOLD_BY_EACH",
                                        "unit": "ea",
                                        "interval": 1,
                                        "minOrderQuantity": 1,
                                        "maxOrderQuantity": 25,
                                        "weighted": false
                                    },
                                    "deal": null,
                                    "mopDeal": null,
                                    "pcoDeal": null,
                                    "inventoryIndicator": null,
                                    "offerType": "OG",
                                    "offerId": "OG",
                                    "action": null,
                                    "isVariant": false,
                                    "link": "/morning-glory-juice/p/21205496_EA",
                                    "productVendor": null,
                                    "productVariant": null,
                                    "textBadge": "",
                                    "variantTheme": null,
                                    "articleNumber": "21205496",
                                    "uom": "EA",
                                    "sponsoredCreative": null,
                                    "isSponsored": false,
                                    "isComplementarySponsored": false,
                                    "complementarySponsoredBadgeText": null,
                                    "productBadge": null
                                },
                                {
                                    "index": 40,
                                    "productId": "21362495_EA",
                                    "productImage": [
                                        {
                                            "imageUrl": "https://assets.shop.loblaws.ca/products/21362495/b2/en/front/21362495_front_a06_@2.png",
                                            "smallUrl": "https://assets.shop.loblaws.ca/products/21362495/b1/en/front/21362495_front_a01_@2.png",
                                            "mediumUrl": "https://assets.shop.loblaws.ca/products/21362495/b3/en/front/21362495_front_a06_@2.png",
                                            "largeUrl": "https://assets.shop.loblaws.ca/products/21362495/b2/en/front/21362495_front_a06_@2.png",
                                            "smallRetinaUrl": "https://assets.shop.loblaws.ca/products/21362495/b1/en/front/21362495_front_a01_@2.png",
                                            "mediumRetinaUrl": "https://assets.shop.loblaws.ca/products/21362495/b3/en/front/21362495_front_a06_@2.png",
                                            "largeRetinaUrl": "https://assets.shop.loblaws.ca/products/21362495/b2/en/front/21362495_front_a06_@2.png"
                                        }
                                    ],
                                    "brand": "COVE",
                                    "title": "Organic Lime Strawberry Kombucha",
                                    "description": null,
                                    "packageSizing": "355 ml, $0.98/100ml",
                                    "pricing": {
                                        "price": "3.49",
                                        "wasPrice": null,
                                        "displayPrice": "$3.49",
                                        "memberOnlyPrice": null,
                                        "mopDisplayPrice": null
                                    },
                                    "pricingUnits": {
                                        "type": "SOLD_BY_EACH",
                                        "unit": "ea",
                                        "interval": 1,
                                        "minOrderQuantity": 1,
                                        "maxOrderQuantity": 25,
                                        "weighted": false
                                    },
                                    "deal": null,
                                    "mopDeal": null,
                                    "pcoDeal": null,
                                    "inventoryIndicator": null,
                                    "offerType": "OG",
                                    "offerId": "OG",
                                    "action": null,
                                    "isVariant": false,
                                    "link": "/organic-lime-strawberry-kombucha/p/21362495_EA",
                                    "productVendor": null,
                                    "productVariant": null,
                                    "textBadge": "",
                                    "variantTheme": null,
                                    "articleNumber": "21362495",
                                    "uom": "EA",
                                    "sponsoredCreative": null,
                                    "isSponsored": false,
                                    "isComplementarySponsored": false,
                                    "complementarySponsoredBadgeText": null,
                                    "productBadge": null
                                },
                                {
                                    "index": 41,
                                    "productId": "21290353_EA",
                                    "productImage": [
                                        {
                                            "imageUrl": "https://assets.shop.loblaws.ca/products/21290353/b2/en/front/21290353_front_a06_@2.png",
                                            "smallUrl": "https://assets.shop.loblaws.ca/products/21290353/b1/en/front/21290353_front_a01_@2.png",
                                            "mediumUrl": "https://assets.shop.loblaws.ca/products/21290353/b3/en/front/21290353_front_a06_@2.png",
                                            "largeUrl": "https://assets.shop.loblaws.ca/products/21290353/b2/en/front/21290353_front_a06_@2.png",
                                            "smallRetinaUrl": "https://assets.shop.loblaws.ca/products/21290353/b1/en/front/21290353_front_a01_@2.png",
                                            "mediumRetinaUrl": "https://assets.shop.loblaws.ca/products/21290353/b3/en/front/21290353_front_a06_@2.png",
                                            "largeRetinaUrl": "https://assets.shop.loblaws.ca/products/21290353/b2/en/front/21290353_front_a06_@2.png"
                                        }
                                    ],
                                    "brand": "Remedy",
                                    "title": "Kombucha Lemon Lime & Mint  ",
                                    "description": "Old fashioned tangy goodness with a fresh twist. A citrus circus. Consider your thirst quenched.",
                                    "packageSizing": "700 ml, $0.86/100ml",
                                    "pricing": {
                                        "price": "5.99",
                                        "wasPrice": null,
                                        "displayPrice": "$5.99",
                                        "memberOnlyPrice": null,
                                        "mopDisplayPrice": null
                                    },
                                    "pricingUnits": {
                                        "type": "SOLD_BY_EACH",
                                        "unit": "ea",
                                        "interval": 1,
                                        "minOrderQuantity": 1,
                                        "maxOrderQuantity": 25,
                                        "weighted": false
                                    },
                                    "deal": {
                                        "type": "MULTI",
                                        "text": "$5.00 MIN 2",
                                        "points": 0,
                                        "name": "MULTI",
                                        "expiryDate": null,
                                        "dealPrice": null
                                    },
                                    "mopDeal": null,
                                    "pcoDeal": null,
                                    "inventoryIndicator": {
                                        "indicatorId": "LOW",
                                        "text": "Low Stock"
                                    },
                                    "offerType": "OG",
                                    "offerId": "OG",
                                    "action": null,
                                    "isVariant": false,
                                    "link": "/kombucha-lemon-lime-mint/p/21290353_EA",
                                    "productVendor": null,
                                    "productVariant": null,
                                    "textBadge": "low-inventory",
                                    "variantTheme": null,
                                    "articleNumber": "21290353",
                                    "uom": "EA",
                                    "sponsoredCreative": null,
                                    "isSponsored": false,
                                    "isComplementarySponsored": false,
                                    "complementarySponsoredBadgeText": null,
                                    "productBadge": null
                                },
                                {
                                    "index": 42,
                                    "productId": "21107321_EA",
                                    "productImage": [
                                        {
                                            "imageUrl": "https://assets.shop.loblaws.ca/products/21107321/b2/en/front/21107321_front_a06_@2.png",
                                            "smallUrl": "https://assets.shop.loblaws.ca/products/21107321/b1/en/front/21107321_front_a01_@2.png",
                                            "mediumUrl": "https://assets.shop.loblaws.ca/products/21107321/b3/en/front/21107321_front_a06_@2.png",
                                            "largeUrl": "https://assets.shop.loblaws.ca/products/21107321/b2/en/front/21107321_front_a06_@2.png",
                                            "smallRetinaUrl": "https://assets.shop.loblaws.ca/products/21107321/b1/en/front/21107321_front_a01_@2.png",
                                            "mediumRetinaUrl": "https://assets.shop.loblaws.ca/products/21107321/b3/en/front/21107321_front_a06_@2.png",
                                            "largeRetinaUrl": "https://assets.shop.loblaws.ca/products/21107321/b2/en/front/21107321_front_a06_@2.png"
                                        },
                                        {
                                            "imageUrl": "https://assets.shop.loblaws.ca/products/21107321/b2/en/angle/21107321_angle_a06_@2.png",
                                            "smallUrl": "https://assets.shop.loblaws.ca/products/21107321/b1/en/angle/21107321_angle_a01_@2.png",
                                            "mediumUrl": "https://assets.shop.loblaws.ca/products/21107321/b3/en/angle/21107321_angle_a06_@2.png",
                                            "largeUrl": "https://assets.shop.loblaws.ca/products/21107321/b2/en/angle/21107321_angle_a06_@2.png",
                                            "smallRetinaUrl": "https://assets.shop.loblaws.ca/products/21107321/b1/en/angle/21107321_angle_a01_@2.png",
                                            "mediumRetinaUrl": "https://assets.shop.loblaws.ca/products/21107321/b3/en/angle/21107321_angle_a06_@2.png",
                                            "largeRetinaUrl": "https://assets.shop.loblaws.ca/products/21107321/b2/en/angle/21107321_angle_a06_@2.png"
                                        },
                                        {
                                            "imageUrl": "https://assets.shop.loblaws.ca/products/21107321/b2/en/side/21107321_side_a06_@2.png",
                                            "smallUrl": "https://assets.shop.loblaws.ca/products/21107321/b1/en/side/21107321_side_a01_@2.png",
                                            "mediumUrl": "https://assets.shop.loblaws.ca/products/21107321/b3/en/side/21107321_side_a06_@2.png",
                                            "largeUrl": "https://assets.shop.loblaws.ca/products/21107321/b2/en/side/21107321_side_a06_@2.png",
                                            "smallRetinaUrl": "https://assets.shop.loblaws.ca/products/21107321/b1/en/side/21107321_side_a01_@2.png",
                                            "mediumRetinaUrl": "https://assets.shop.loblaws.ca/products/21107321/b3/en/side/21107321_side_a06_@2.png",
                                            "largeRetinaUrl": "https://assets.shop.loblaws.ca/products/21107321/b2/en/side/21107321_side_a06_@2.png"
                                        }
                                    ],
                                    "brand": "Greenhouse",
                                    "title": "Raw, Organic Juice the Good",
                                    "description": "<p>The crisp, savoury green.</p>",
                                    "packageSizing": "300 ml, $2.66/100ml",
                                    "pricing": {
                                        "price": "7.99",
                                        "wasPrice": null,
                                        "displayPrice": "$7.99",
                                        "memberOnlyPrice": null,
                                        "mopDisplayPrice": null
                                    },
                                    "pricingUnits": {
                                        "type": "SOLD_BY_EACH",
                                        "unit": "ea",
                                        "interval": 1,
                                        "minOrderQuantity": 1,
                                        "maxOrderQuantity": 25,
                                        "weighted": false
                                    },
                                    "deal": null,
                                    "mopDeal": null,
                                    "pcoDeal": null,
                                    "inventoryIndicator": null,
                                    "offerType": "OG",
                                    "offerId": "OG",
                                    "action": null,
                                    "isVariant": false,
                                    "link": "/raw-organic-juice-the-good/p/21107321_EA",
                                    "productVendor": null,
                                    "productVariant": null,
                                    "textBadge": "",
                                    "variantTheme": null,
                                    "articleNumber": "21107321",
                                    "uom": "EA",
                                    "sponsoredCreative": null,
                                    "isSponsored": false,
                                    "isComplementarySponsored": false,
                                    "complementarySponsoredBadgeText": null,
                                    "productBadge": null
                                },
                                {
                                    "index": 43,
                                    "productId": "20313524_EA",
                                    "productImage": [
                                        {
                                            "imageUrl": "https://assets.shop.loblaws.ca/products/20313524/b2/en/front/20313524_front_a06_@2.png",
                                            "smallUrl": "https://assets.shop.loblaws.ca/products/20313524/b1/en/front/20313524_front_a01_@2.png",
                                            "mediumUrl": "https://assets.shop.loblaws.ca/products/20313524/b3/en/front/20313524_front_a06_@2.png",
                                            "largeUrl": "https://assets.shop.loblaws.ca/products/20313524/b2/en/front/20313524_front_a06_@2.png",
                                            "smallRetinaUrl": "https://assets.shop.loblaws.ca/products/20313524/b1/en/front/20313524_front_a01_@2.png",
                                            "mediumRetinaUrl": "https://assets.shop.loblaws.ca/products/20313524/b3/en/front/20313524_front_a06_@2.png",
                                            "largeRetinaUrl": "https://assets.shop.loblaws.ca/products/20313524/b2/en/front/20313524_front_a06_@2.png"
                                        },
                                        {
                                            "imageUrl": "https://assets.shop.loblaws.ca/products/20313524/b2/en/angle/20313524_angle_a06_@2.png",
                                            "smallUrl": "https://assets.shop.loblaws.ca/products/20313524/b1/en/angle/20313524_angle_a01_@2.png",
                                            "mediumUrl": "https://assets.shop.loblaws.ca/products/20313524/b3/en/angle/20313524_angle_a06_@2.png",
                                            "largeUrl": "https://assets.shop.loblaws.ca/products/20313524/b2/en/angle/20313524_angle_a06_@2.png",
                                            "smallRetinaUrl": "https://assets.shop.loblaws.ca/products/20313524/b1/en/angle/20313524_angle_a01_@2.png",
                                            "mediumRetinaUrl": "https://assets.shop.loblaws.ca/products/20313524/b3/en/angle/20313524_angle_a06_@2.png",
                                            "largeRetinaUrl": "https://assets.shop.loblaws.ca/products/20313524/b2/en/angle/20313524_angle_a06_@2.png"
                                        },
                                        {
                                            "imageUrl": "https://assets.shop.loblaws.ca/products/20313524/b2/en/side/20313524_side_a06_@2.png",
                                            "smallUrl": "https://assets.shop.loblaws.ca/products/20313524/b1/en/side/20313524_side_a01_@2.png",
                                            "mediumUrl": "https://assets.shop.loblaws.ca/products/20313524/b3/en/side/20313524_side_a06_@2.png",
                                            "largeUrl": "https://assets.shop.loblaws.ca/products/20313524/b2/en/side/20313524_side_a06_@2.png",
                                            "smallRetinaUrl": "https://assets.shop.loblaws.ca/products/20313524/b1/en/side/20313524_side_a01_@2.png",
                                            "mediumRetinaUrl": "https://assets.shop.loblaws.ca/products/20313524/b3/en/side/20313524_side_a06_@2.png",
                                            "largeRetinaUrl": "https://assets.shop.loblaws.ca/products/20313524/b2/en/side/20313524_side_a06_@2.png"
                                        }
                                    ],
                                    "brand": "Bolthouse",
                                    "title": "Green Goodness",
                                    "description": null,
                                    "packageSizing": "450 ml, $1.11/100ml",
                                    "pricing": {
                                        "price": "4.99",
                                        "wasPrice": null,
                                        "displayPrice": "$4.99",
                                        "memberOnlyPrice": null,
                                        "mopDisplayPrice": null
                                    },
                                    "pricingUnits": {
                                        "type": "SOLD_BY_EACH",
                                        "unit": "ea",
                                        "interval": 1,
                                        "minOrderQuantity": 1,
                                        "maxOrderQuantity": 25,
                                        "weighted": false
                                    },
                                    "deal": null,
                                    "mopDeal": null,
                                    "pcoDeal": null,
                                    "inventoryIndicator": {
                                        "indicatorId": "LOW",
                                        "text": "Low Stock"
                                    },
                                    "offerType": "OG",
                                    "offerId": "OG",
                                    "action": null,
                                    "isVariant": false,
                                    "link": "/green-goodness/p/20313524_EA",
                                    "productVendor": null,
                                    "productVariant": null,
                                    "textBadge": "low-inventory",
                                    "variantTheme": null,
                                    "articleNumber": "20313524",
                                    "uom": "EA",
                                    "sponsoredCreative": null,
                                    "isSponsored": false,
                                    "isComplementarySponsored": false,
                                    "complementarySponsoredBadgeText": null,
                                    "productBadge": null
                                },
                                {
                                    "index": 44,
                                    "productId": "21290591_EA",
                                    "productImage": [
                                        {
                                            "imageUrl": "https://assets.shop.loblaws.ca/products/21290591/b2/en/front/21290591_front_a06_@2.png",
                                            "smallUrl": "https://assets.shop.loblaws.ca/products/21290591/b1/en/front/21290591_front_a01_@2.png",
                                            "mediumUrl": "https://assets.shop.loblaws.ca/products/21290591/b3/en/front/21290591_front_a06_@2.png",
                                            "largeUrl": "https://assets.shop.loblaws.ca/products/21290591/b2/en/front/21290591_front_a06_@2.png",
                                            "smallRetinaUrl": "https://assets.shop.loblaws.ca/products/21290591/b1/en/front/21290591_front_a01_@2.png",
                                            "mediumRetinaUrl": "https://assets.shop.loblaws.ca/products/21290591/b3/en/front/21290591_front_a06_@2.png",
                                            "largeRetinaUrl": "https://assets.shop.loblaws.ca/products/21290591/b2/en/front/21290591_front_a06_@2.png"
                                        }
                                    ],
                                    "brand": "Remedy",
                                    "title": "Peach Kombucha",
                                    "description": null,
                                    "packageSizing": "700 ml, $0.86/100ml",
                                    "pricing": {
                                        "price": "5.99",
                                        "wasPrice": null,
                                        "displayPrice": "$5.99",
                                        "memberOnlyPrice": null,
                                        "mopDisplayPrice": null
                                    },
                                    "pricingUnits": {
                                        "type": "SOLD_BY_EACH",
                                        "unit": "ea",
                                        "interval": 1,
                                        "minOrderQuantity": 1,
                                        "maxOrderQuantity": 25,
                                        "weighted": false
                                    },
                                    "deal": {
                                        "type": "MULTI",
                                        "text": "$5.00 MIN 2",
                                        "points": 0,
                                        "name": "MULTI",
                                        "expiryDate": null,
                                        "dealPrice": null
                                    },
                                    "mopDeal": null,
                                    "pcoDeal": null,
                                    "inventoryIndicator": null,
                                    "offerType": "OG",
                                    "offerId": "OG",
                                    "action": null,
                                    "isVariant": false,
                                    "link": "/peach-kombucha/p/21290591_EA",
                                    "productVendor": null,
                                    "productVariant": null,
                                    "textBadge": "",
                                    "variantTheme": null,
                                    "articleNumber": "21290591",
                                    "uom": "EA",
                                    "sponsoredCreative": null,
                                    "isSponsored": false,
                                    "isComplementarySponsored": false,
                                    "complementarySponsoredBadgeText": null,
                                    "productBadge": null
                                },
                                {
                                    "index": 45,
                                    "productId": "21446465_EA",
                                    "productImage": [
                                        {
                                            "imageUrl": "https://assets.shop.loblaws.ca/products/21446465/b2/en/front/21446465_front_a06_@2.png",
                                            "smallUrl": "https://assets.shop.loblaws.ca/products/21446465/b1/en/front/21446465_front_a01_@2.png",
                                            "mediumUrl": "https://assets.shop.loblaws.ca/products/21446465/b3/en/front/21446465_front_a06_@2.png",
                                            "largeUrl": "https://assets.shop.loblaws.ca/products/21446465/b2/en/front/21446465_front_a06_@2.png",
                                            "smallRetinaUrl": "https://assets.shop.loblaws.ca/products/21446465/b1/en/front/21446465_front_a01_@2.png",
                                            "mediumRetinaUrl": "https://assets.shop.loblaws.ca/products/21446465/b3/en/front/21446465_front_a06_@2.png",
                                            "largeRetinaUrl": "https://assets.shop.loblaws.ca/products/21446465/b2/en/front/21446465_front_a06_@2.png"
                                        },
                                        {
                                            "imageUrl": "https://assets.shop.loblaws.ca/products/21446465/b2/en/angle/21446465_angle_a06_@2.png",
                                            "smallUrl": "https://assets.shop.loblaws.ca/products/21446465/b1/en/angle/21446465_angle_a01_@2.png",
                                            "mediumUrl": "https://assets.shop.loblaws.ca/products/21446465/b3/en/angle/21446465_angle_a06_@2.png",
                                            "largeUrl": "https://assets.shop.loblaws.ca/products/21446465/b2/en/angle/21446465_angle_a06_@2.png",
                                            "smallRetinaUrl": "https://assets.shop.loblaws.ca/products/21446465/b1/en/angle/21446465_angle_a01_@2.png",
                                            "mediumRetinaUrl": "https://assets.shop.loblaws.ca/products/21446465/b3/en/angle/21446465_angle_a06_@2.png",
                                            "largeRetinaUrl": "https://assets.shop.loblaws.ca/products/21446465/b2/en/angle/21446465_angle_a06_@2.png"
                                        }
                                    ],
                                    "brand": null,
                                    "title": "Fresh Apple, Blueberry, Cranberry, Mint Juice",
                                    "description": "Heavenly, even on those impossible to uplift yourself days! High in vitamins and nutrients. We use a cold pressing process that slowly presses the fruits; the result is a bottled juice with a freshly squeezed taste and a higher nutrient value! ",
                                    "packageSizing": "1 l, $1.30/100ml",
                                    "pricing": {
                                        "price": "13.00",
                                        "wasPrice": null,
                                        "displayPrice": "$13.00",
                                        "memberOnlyPrice": null,
                                        "mopDisplayPrice": null
                                    },
                                    "pricingUnits": {
                                        "type": "SOLD_BY_EACH",
                                        "unit": "ea",
                                        "interval": 1,
                                        "minOrderQuantity": 1,
                                        "maxOrderQuantity": 25,
                                        "weighted": false
                                    },
                                    "deal": null,
                                    "mopDeal": null,
                                    "pcoDeal": null,
                                    "inventoryIndicator": null,
                                    "offerType": "OG",
                                    "offerId": "OG",
                                    "action": null,
                                    "isVariant": false,
                                    "link": "/fresh-apple-blueberry-cranberry-mint-juice/p/21446465_EA",
                                    "productVendor": null,
                                    "productVariant": null,
                                    "textBadge": "",
                                    "variantTheme": null,
                                    "articleNumber": "21446465",
                                    "uom": "EA",
                                    "sponsoredCreative": null,
                                    "isSponsored": false,
                                    "isComplementarySponsored": false,
                                    "complementarySponsoredBadgeText": null,
                                    "productBadge": null
                                },
                                {
                                    "index": 46,
                                    "productId": "21217365_EA",
                                    "productImage": [
                                        {
                                            "imageUrl": "https://assets.shop.loblaws.ca/products/21217365/b2/en/front/21217365_front_a06_@2.png",
                                            "smallUrl": "https://assets.shop.loblaws.ca/products/21217365/b1/en/front/21217365_front_a01_@2.png",
                                            "mediumUrl": "https://assets.shop.loblaws.ca/products/21217365/b3/en/front/21217365_front_a06_@2.png",
                                            "largeUrl": "https://assets.shop.loblaws.ca/products/21217365/b2/en/front/21217365_front_a06_@2.png",
                                            "smallRetinaUrl": "https://assets.shop.loblaws.ca/products/21217365/b1/en/front/21217365_front_a01_@2.png",
                                            "mediumRetinaUrl": "https://assets.shop.loblaws.ca/products/21217365/b3/en/front/21217365_front_a06_@2.png",
                                            "largeRetinaUrl": "https://assets.shop.loblaws.ca/products/21217365/b2/en/front/21217365_front_a06_@2.png"
                                        }
                                    ],
                                    "brand": "Loop",
                                    "title": "Cold-Pressed Juice Better Together Grapefruit Orange Ginger",
                                    "description": null,
                                    "packageSizing": "947 ml, $1.00/100ml",
                                    "pricing": {
                                        "price": "9.99",
                                        "wasPrice": null,
                                        "displayPrice": "$9.99",
                                        "memberOnlyPrice": null,
                                        "mopDisplayPrice": null
                                    },
                                    "pricingUnits": {
                                        "type": "SOLD_BY_EACH",
                                        "unit": "ea",
                                        "interval": 1,
                                        "minOrderQuantity": 1,
                                        "maxOrderQuantity": 25,
                                        "weighted": false
                                    },
                                    "deal": null,
                                    "mopDeal": null,
                                    "pcoDeal": null,
                                    "inventoryIndicator": null,
                                    "offerType": "OG",
                                    "offerId": "OG",
                                    "action": null,
                                    "isVariant": false,
                                    "link": "/cold-pressed-juice-better-together-grapefruit-oran/p/21217365_EA",
                                    "productVendor": null,
                                    "productVariant": null,
                                    "textBadge": "",
                                    "variantTheme": null,
                                    "articleNumber": "21217365",
                                    "uom": "EA",
                                    "sponsoredCreative": null,
                                    "isSponsored": false,
                                    "isComplementarySponsored": false,
                                    "complementarySponsoredBadgeText": null,
                                    "productBadge": null
                                },
                                {
                                    "index": 47,
                                    "productId": "21524603_EA",
                                    "productImage": [
                                        {
                                            "imageUrl": "https://assets.shop.loblaws.ca/products/21524603/b2/en/front/21524603_front_a06_@2.png",
                                            "smallUrl": "https://assets.shop.loblaws.ca/products/21524603/b1/en/front/21524603_front_a01_@2.png",
                                            "mediumUrl": "https://assets.shop.loblaws.ca/products/21524603/b3/en/front/21524603_front_a06_@2.png",
                                            "largeUrl": "https://assets.shop.loblaws.ca/products/21524603/b2/en/front/21524603_front_a06_@2.png",
                                            "smallRetinaUrl": "https://assets.shop.loblaws.ca/products/21524603/b1/en/front/21524603_front_a01_@2.png",
                                            "mediumRetinaUrl": "https://assets.shop.loblaws.ca/products/21524603/b3/en/front/21524603_front_a06_@2.png",
                                            "largeRetinaUrl": "https://assets.shop.loblaws.ca/products/21524603/b2/en/front/21524603_front_a06_@2.png"
                                        }
                                    ],
                                    "brand": null,
                                    "title": "Fresh Green Spinach Mango Smoothie",
                                    "description": "Green Spinach Mango Smoothie packed with vitamins, fibre and protein to satiate and fuel you through your morning routine, afternoon slump or evening workout. We use a cold pressing process that slowly presses the fruits and veggies; the result is a bottled smoothie with a freshly squeezed taste and a higher nutrient value!",
                                    "packageSizing": "355 ml, $1.69/100ml",
                                    "pricing": {
                                        "price": "5.99",
                                        "wasPrice": null,
                                        "displayPrice": "$5.99",
                                        "memberOnlyPrice": null,
                                        "mopDisplayPrice": null
                                    },
                                    "pricingUnits": {
                                        "type": "SOLD_BY_EACH",
                                        "unit": "ea",
                                        "interval": 1,
                                        "minOrderQuantity": 1,
                                        "maxOrderQuantity": 25,
                                        "weighted": false
                                    },
                                    "deal": null,
                                    "mopDeal": null,
                                    "pcoDeal": null,
                                    "inventoryIndicator": null,
                                    "offerType": "OG",
                                    "offerId": "OG",
                                    "action": null,
                                    "isVariant": false,
                                    "link": "/fresh-green-spinach-mango-smoothie/p/21524603_EA",
                                    "productVendor": null,
                                    "productVariant": null,
                                    "textBadge": "",
                                    "variantTheme": null,
                                    "articleNumber": "21524603",
                                    "uom": "EA",
                                    "sponsoredCreative": null,
                                    "isSponsored": false,
                                    "isComplementarySponsored": false,
                                    "complementarySponsoredBadgeText": null,
                                    "productBadge": null
                                },
                                {
                                    "index": 48,
                                    "productId": "21541135_EA",
                                    "productImage": [
                                        {
                                            "imageUrl": "https://assets.shop.loblaws.ca/products/21541135/b2/en/front/21541135_front_a06_@2.png",
                                            "smallUrl": "https://assets.shop.loblaws.ca/products/21541135/b1/en/front/21541135_front_a01_@2.png",
                                            "mediumUrl": "https://assets.shop.loblaws.ca/products/21541135/b3/en/front/21541135_front_a06_@2.png",
                                            "largeUrl": "https://assets.shop.loblaws.ca/products/21541135/b2/en/front/21541135_front_a06_@2.png",
                                            "smallRetinaUrl": "https://assets.shop.loblaws.ca/products/21541135/b1/en/front/21541135_front_a01_@2.png",
                                            "mediumRetinaUrl": "https://assets.shop.loblaws.ca/products/21541135/b3/en/front/21541135_front_a06_@2.png",
                                            "largeRetinaUrl": "https://assets.shop.loblaws.ca/products/21541135/b2/en/front/21541135_front_a06_@2.png"
                                        }
                                    ],
                                    "brand": "Greenhouse",
                                    "title": "Booster Organic Detox",
                                    "description": null,
                                    "packageSizing": "60 ml, $7.48/100ml",
                                    "pricing": {
                                        "price": "4.49",
                                        "wasPrice": null,
                                        "displayPrice": "$4.49",
                                        "memberOnlyPrice": null,
                                        "mopDisplayPrice": null
                                    },
                                    "pricingUnits": {
                                        "type": "SOLD_BY_EACH",
                                        "unit": "ea",
                                        "interval": 1,
                                        "minOrderQuantity": 1,
                                        "maxOrderQuantity": 25,
                                        "weighted": false
                                    },
                                    "deal": {
                                        "type": "MULTI",
                                        "text": "$4.00 MIN 2",
                                        "points": 0,
                                        "name": "MULTI",
                                        "expiryDate": null,
                                        "dealPrice": null
                                    },
                                    "mopDeal": null,
                                    "pcoDeal": null,
                                    "inventoryIndicator": null,
                                    "offerType": "OG",
                                    "offerId": "OG",
                                    "action": null,
                                    "isVariant": false,
                                    "link": "/booster-organic-detox/p/21541135_EA",
                                    "productVendor": null,
                                    "productVariant": null,
                                    "textBadge": "",
                                    "variantTheme": null,
                                    "articleNumber": "21541135",
                                    "uom": "EA",
                                    "sponsoredCreative": null,
                                    "isSponsored": false,
                                    "isComplementarySponsored": false,
                                    "complementarySponsoredBadgeText": null,
                                    "productBadge": null
                                }
                            ],
                            "analytics": null
                        }
                    },
                    {
                        "componentId": "accordionComponent",
                        "contentId": "4wxZ0B7tFcgP5WW9KrvXsq",
                        "variantId": null,
                        "id": "4wxZ0B7tFcgP5WW9KrvXsq",
                        "data": {
                            "headline": null,
                            "headerGroup": null,
                            "accordionItemsHeadingLevel": "h2",
                            "accordionItems": [
                                {
                                    "headline": {
                                        "data": {},
                                        "content": [
                                            {
                                                "data": {},
                                                "content": [
                                                    {
                                                        "data": {},
                                                        "marks": [],
                                                        "value": "*Offer details",
                                                        "nodeType": "text"
                                                    }
                                                ],
                                                "nodeType": "paragraph"
                                            }
                                        ],
                                        "nodeType": "document"
                                    },
                                    "expandedByDefault": false,
                                    "contentId": "4TIjJED0xDvk0kjDoZRPm4",
                                    "componentId": "accordionItem",
                                    "displayText1": {
                                        "data": {},
                                        "content": [
                                            {
                                                "data": {},
                                                "content": [
                                                    {
                                                        "data": {},
                                                        "marks": [],
                                                        "value": "Loblaws: Applicable to eligible fresh produce items purchased at Loblaws store locations or online at loblaws.ca. If you are not completely satisfied with your eligible fresh produce item, we will replace it with an identical item, or in our discretion, a comparable item and provide you with a refund of the purchase price upon presentation of the item and your original receipt of purchase at the Loblaw store where purchase originated. The promise cannot be combined with any other offer. We reserve the right to cancel or change the terms of this guarantee at any time without notice. ",
                                                        "nodeType": "text"
                                                    }
                                                ],
                                                "nodeType": "paragraph"
                                            }
                                        ],
                                        "nodeType": "document"
                                    }
                                }
                            ]
                        }
                    }
                ]
            }
        }
    },
    "viewMetaData": {
        "headline": "Fruits & Vegetables - Shop for Food Products Online | loblaw",
        "description": "Browse products in Fruits & Vegetables on loblaw near you. Schedule Delivery or Pickups Online. Subject to Availability.",
        "addMetaNoRobots": false,
        "canonicalUrlSlug": "/food/fruits-vegetables/c/28000",
        "jsonLd": null
    },
    "theme": {
        "name": "pcx-web-pcx",
        "version": "latest",
        "env": "production"
    }
}