{
    "contentId": null,
    "categoryId": "27985",
    "categoryDisplayName": "Food",
    "layout": {
        "typeId": "productListingPageLayout",
        "sections": {
            "productListingSection": {
                "components": [
                    {
                        "componentId": "productListingComponent",
                        "contentId": "3vZ0wCerDBkOeFGEgsnrbb",
                        "variantId": null,
                        "id": "3vZ0wCerDBkOeFGEgsnrbb",
                        "data": {
                            "noResultsText": null,
                            "categoryNavigation": {
                                "headline": null,
                                "navigation": {
                                    "parentNode": null,
                                    "displayName": "Food",
                                    "url": "/food/c/27985",
                                    "childNodes": [
                                        {
                                            "displayName": "See All",
                                            "url": "/food/c/27985",
                                            "childNodes": null,
                                            "active": null
                                        },
                                        {
                                            "displayName": "Prepared Meals",
                                            "url": "/food/prepared-meals/c/27996",
                                            "childNodes": null,
                                            "active": null
                                        },
                                        {
                                            "displayName": "Meat",
                                            "url": "/food/meat/c/27998",
                                            "childNodes": null,
                                            "active": null
                                        },
                                        {
                                            "displayName": "Fish & Seafood",
                                            "url": "/food/fish-seafood/c/27999",
                                            "childNodes": null,
                                            "active": null
                                        },
                                        {
                                            "displayName": "Fruits & Vegetables",
                                            "url": "/food/fruits-vegetables/c/28000",
                                            "childNodes": null,
                                            "active": null
                                        },
                                        {
                                            "displayName": "Deli",
                                            "url": "/food/deli/c/28001",
                                            "childNodes": null,
                                            "active": null
                                        },
                                        {
                                            "displayName": "Bakery",
                                            "url": "/food/bakery/c/28002",
                                            "childNodes": null,
                                            "active": null
                                        },
                                        {
                                            "displayName": "Dairy & Eggs",
                                            "url": "/food/dairy-eggs/c/28003",
                                            "childNodes": null,
                                            "active": null
                                        },
                                        {
                                            "displayName": "Drinks",
                                            "url": "/food/drinks/c/28004",
                                            "childNodes": null,
                                            "active": null
                                        },
                                        {
                                            "displayName": "Frozen Food",
                                            "url": "/food/frozen-food/c/28005",
                                            "childNodes": null,
                                            "active": null
                                        },
                                        {
                                            "displayName": "Pantry",
                                            "url": "/food/pantry/c/28006",
                                            "childNodes": null,
                                            "active": null
                                        },
                                        {
                                            "displayName": "Natural and Organic",
                                            "url": "/food/natural-and-organic/c/28189",
                                            "childNodes": null,
                                            "active": null
                                        },
                                        {
                                            "displayName": "Beer & Wine",
                                            "url": "/food/beer-wine/c/28236",
                                            "childNodes": null,
                                            "active": null
                                        },
                                        {
                                            "displayName": "Snacks, Chips & Candy",
                                            "url": "/food/snacks-chips-candy/c/57025",
                                            "childNodes": null,
                                            "active": null
                                        },
                                        {
                                            "displayName": "International Foods",
                                            "url": "/food/international-foods/c/58044",
                                            "childNodes": null,
                                            "active": null
                                        }
                                    ]
                                }
                            },
                            "breadcrumbs": [
                                {
                                    "text": "Food",
                                    "url": null
                                }
                            ],
                            "headline": "Food",
                            "disclaimerText": "Prices are subject to change based on offers available at pickup time. Your total and receipt will reflect any changes.",
                            "filterGroups": [
                                {
                                    "code": "productBrand",
                                    "name": "Brand",
                                    "multiSelect": true,
                                    "values": [
                                        {
                                            "code": "EDSM",
                                            "name": "ED Smith",
                                            "count": 10,
                                            "disabled": null,
                                            "selected": false
                                        },
                                        {
                                            "code": "CHSF",
                                            "name": "Chosen Foods",
                                            "count": 10,
                                            "disabled": null,
                                            "selected": false
                                        },
                                        {
                                            "code": "CLBH",
                                            "name": "Club House",
                                            "count": 174,
                                            "disabled": null,
                                            "selected": false
                                        },
                                        {
                                            "code": "OLVR",
                                            "name": "Olivieri",
                                            "count": 29,
                                            "disabled": null,
                                            "selected": false
                                        },
                                        {
                                            "code": "LCOS",
                                            "name": "La Costena",
                                            "count": 19,
                                            "disabled": null,
                                            "selected": false
                                        },
                                        {
                                            "code": "PERI",
                                            "name": "Perrier",
                                            "count": 24,
                                            "disabled": null,
                                            "selected": false
                                        },
                                        {
                                            "code": "BRLL",
                                            "name": "Barilla",
                                            "count": 27,
                                            "disabled": null,
                                            "selected": false
                                        },
                                        {
                                            "code": "KDSR",
                                            "name": "Kidstar",
                                            "count": 8,
                                            "disabled": null,
                                            "selected": false
                                        },
                                        {
                                            "code": "YVES",
                                            "name": "Yves",
                                            "count": 24,
                                            "disabled": null,
                                            "selected": false
                                        },
                                        {
                                            "code": "GHSH",
                                            "name": "G Hughes Smokehouse",
                                            "count": 17,
                                            "disabled": null,
                                            "selected": false
                                        },
                                        {
                                            "code": "COOL",
                                            "name": "Cool Runnings",
                                            "count": 32,
                                            "disabled": null,
                                            "selected": false
                                        },
                                        {
                                            "code": "YOPL",
                                            "name": "Yoplait",
                                            "count": 42,
                                            "disabled": null,
                                            "selected": false
                                        },
                                        {
                                            "code": "BIOV",
                                            "name": "Bio-Vert",
                                            "count": 8,
                                            "disabled": null,
                                            "selected": false
                                        },
                                        {
                                            "code": "CHTS",
                                            "name": "Cheetos",
                                            "count": 13,
                                            "disabled": null,
                                            "selected": false
                                        },
                                        {
                                            "code": "BURT",
                                            "name": "Burt's Bees",
                                            "count": 54,
                                            "disabled": null,
                                            "selected": false
                                        },
                                        {
                                            "code": "AURO",
                                            "name": "Aurora",
                                            "count": 23,
                                            "disabled": null,
                                            "selected": false
                                        },
                                        {
                                            "code": "HALD",
                                            "name": "Haldiram",
                                            "count": 47,
                                            "disabled": null,
                                            "selected": false
                                        },
                                        {
                                            "code": "BNTO",
                                            "name": "Bento",
                                            "count": 20,
                                            "disabled": null,
                                            "selected": false
                                        },
                                        {
                                            "code": "LAYS",
                                            "name": "Lay's",
                                            "count": 34,
                                            "disabled": null,
                                            "selected": false
                                        },
                                        {
                                            "code": "TAFA",
                                            "name": "Taylor Farms",
                                            "count": 14,
                                            "disabled": null,
                                            "selected": false
                                        },
                                        {
                                            "code": "IRVG",
                                            "name": "IronVegan",
                                            "count": 11,
                                            "disabled": null,
                                            "selected": false
                                        },
                                        {
                                            "code": "MTR1",
                                            "name": "MTR",
                                            "count": 25,
                                            "disabled": null,
                                            "selected": false
                                        },
                                        {
                                            "code": "GGAR",
                                            "name": "Gourmet Garden",
                                            "count": 12,
                                            "disabled": null,
                                            "selected": false
                                        },
                                        {
                                            "code": "DANO",
                                            "name": "Danone",
                                            "count": 11,
                                            "disabled": null,
                                            "selected": false
                                        },
                                        {
                                            "code": "WNDS",
                                            "name": "Windsor",
                                            "count": 16,
                                            "disabled": null,
                                            "selected": false
                                        },
                                        {
                                            "code": "HRBT",
                                            "name": "Herbatint",
                                            "count": 15,
                                            "disabled": null,
                                            "selected": false
                                        },
                                        {
                                            "code": "FRNK",
                                            "name": "Frank's",
                                            "count": 16,
                                            "disabled": null,
                                            "selected": false
                                        },
                                        {
                                            "code": "PEPS",
                                            "name": "Pepsi",
                                            "count": 33,
                                            "disabled": null,
                                            "selected": false
                                        },
                                        {
                                            "code": "HGLR",
                                            "name": "High Liner",
                                            "count": 23,
                                            "disabled": null,
                                            "selected": false
                                        },
                                        {
                                            "code": "KINR",
                                            "name": "Kinder",
                                            "count": 9,
                                            "disabled": null,
                                            "selected": false
                                        },
                                        {
                                            "code": "SCHR",
                                            "name": "Schar",
                                            "count": 16,
                                            "disabled": null,
                                            "selected": false
                                        },
                                        {
                                            "code": "SISU",
                                            "name": "Sisu",
                                            "count": 25,
                                            "disabled": null,
                                            "selected": false
                                        },
                                        {
                                            "code": "FOC",
                                            "name": "From Our Chefs",
                                            "count": 39,
                                            "disabled": null,
                                            "selected": false
                                        },
                                        {
                                            "code": "BECE",
                                            "name": "Becel",
                                            "count": 20,
                                            "disabled": null,
                                            "selected": false
                                        },
                                        {
                                            "code": "CVBR",
                                            "name": "Covered Bridge",
                                            "count": 11,
                                            "disabled": null,
                                            "selected": false
                                        },
                                        {
                                            "code": "SRYP",
                                            "name": "SunRype",
                                            "count": 26,
                                            "disabled": null,
                                            "selected": false
                                        },
                                        {
                                            "code": "HEIN",
                                            "name": "Heinz",
                                            "count": 38,
                                            "disabled": null,
                                            "selected": false
                                        },
                                        {
                                            "code": "NTSC",
                                            "name": "Natursource",
                                            "count": 16,
                                            "disabled": null,
                                            "selected": false
                                        },
                                        {
                                            "code": "GHEA",
                                            "name": "Genuine Health",
                                            "count": 50,
                                            "disabled": null,
                                            "selected": false
                                        },
                                        {
                                            "code": "SKTT",
                                            "name": "Skittles",
                                            "count": 11,
                                            "disabled": null,
                                            "selected": false
                                        },
                                        {
                                            "code": "BRSN",
                                            "name": "Boursin",
                                            "count": 9,
                                            "disabled": null,
                                            "selected": false
                                        },
                                        {
                                            "code": "MIKA",
                                            "name": "Milka",
                                            "count": 10,
                                            "disabled": null,
                                            "selected": false
                                        },
                                        {
                                            "code": "LDBG",
                                            "name": "Lundberg",
                                            "count": 22,
                                            "disabled": null,
                                            "selected": false
                                        },
                                        {
                                            "code": "COOR",
                                            "name": "Coors",
                                            "count": 7,
                                            "disabled": null,
                                            "selected": false
                                        },
                                        {
                                            "code": "GROW",
                                            "name": "Growers",
                                            "count": 15,
                                            "disabled": null,
                                            "selected": false
                                        },
                                        {
                                            "code": "CHAS",
                                            "name": "Cha's Organics",
                                            "count": 10,
                                            "disabled": null,
                                            "selected": false
                                        },
                                        {
                                            "code": "PBRY",
                                            "name": "Pillsbury",
                                            "count": 47,
                                            "disabled": null,
                                            "selected": false
                                        },
                                        {
                                            "code": "ACE0",
                                            "name": "ACE",
                                            "count": 37,
                                            "disabled": null,
                                            "selected": false
                                        },
                                        {
                                            "code": "ORNA",
                                            "name": "Orange Naturals",
                                            "count": 27,
                                            "disabled": null,
                                            "selected": false
                                        },
                                        {
                                            "code": "HUER",
                                            "name": "Huer",
                                            "count": 7,
                                            "disabled": null,
                                            "selected": false
                                        },
                                        {
                                            "code": "CBBY",
                                            "name": "Chef Bombay",
                                            "count": 9,
                                            "disabled": null,
                                            "selected": false
                                        },
                                        {
                                            "code": "SIET",
                                            "name": "Siete",
                                            "count": 7,
                                            "disabled": null,
                                            "selected": false
                                        },
                                        {
                                            "code": "PUGU",
                                            "name": "Pur Gum",
                                            "count": 8,
                                            "disabled": null,
                                            "selected": false
                                        },
                                        {
                                            "code": "JTRI",
                                            "name": "Jackson Triggs",
                                            "count": 30,
                                            "disabled": null,
                                            "selected": false
                                        },
                                        {
                                            "code": "HUNT",
                                            "name": "Hunt's",
                                            "count": 20,
                                            "disabled": null,
                                            "selected": false
                                        },
                                        {
                                            "code": "NISS",
                                            "name": "Nissin",
                                            "count": 14,
                                            "disabled": null,
                                            "selected": false
                                        },
                                        {
                                            "code": "NAHC",
                                            "name": "North American Hemp Co.",
                                            "count": 7,
                                            "disabled": null,
                                            "selected": false
                                        },
                                        {
                                            "code": "ASTR",
                                            "name": "Astro",
                                            "count": 14,
                                            "disabled": null,
                                            "selected": false
                                        },
                                        {
                                            "code": "DEMP",
                                            "name": "Dempster",
                                            "count": 12,
                                            "disabled": null,
                                            "selected": false
                                        },
                                        {
                                            "code": "LBRT",
                                            "name": "Liberte",
                                            "count": 62,
                                            "disabled": null,
                                            "selected": false
                                        },
                                        {
                                            "code": "CRYS",
                                            "name": "Crystal Light",
                                            "count": 14,
                                            "disabled": null,
                                            "selected": false
                                        },
                                        {
                                            "code": "BABY",
                                            "name": "Babybel",
                                            "count": 11,
                                            "disabled": null,
                                            "selected": false
                                        },
                                        {
                                            "code": "MGNM",
                                            "name": "Magnum",
                                            "count": 15,
                                            "disabled": null,
                                            "selected": false
                                        },
                                        {
                                            "code": "AVGL",
                                            "name": "A Vogel",
                                            "count": 25,
                                            "disabled": null,
                                            "selected": false
                                        },
                                        {
                                            "code": "NAPA",
                                            "name": "Nature's Path",
                                            "count": 60,
                                            "disabled": null,
                                            "selected": false
                                        },
                                        {
                                            "code": "NAWY",
                                            "name": "Nature's Way",
                                            "count": 54,
                                            "disabled": null,
                                            "selected": false
                                        },
                                        {
                                            "code": "FRYM",
                                            "name": "Freeyumm",
                                            "count": 11,
                                            "disabled": null,
                                            "selected": false
                                        },
                                        {
                                            "code": "SP",
                                            "name": "PC Splendido",
                                            "count": 51,
                                            "disabled": null,
                                            "selected": false
                                        },
                                        {
                                            "code": "HAGD",
                                            "name": "Haagen Dazs",
                                            "count": 48,
                                            "disabled": null,
                                            "selected": false
                                        },
                                        {
                                            "code": "POST",
                                            "name": "Post",
                                            "count": 23,
                                            "disabled": null,
                                            "selected": false
                                        },
                                        {
                                            "code": "RIZO",
                                            "name": "Rizopia",
                                            "count": 11,
                                            "disabled": null,
                                            "selected": false
                                        },
                                        {
                                            "code": "LCKR",
                                            "name": "Loacker",
                                            "count": 9,
                                            "disabled": null,
                                            "selected": false
                                        },
                                        {
                                            "code": "NUTI",
                                            "name": "Nutiva",
                                            "count": 8,
                                            "disabled": null,
                                            "selected": false
                                        },
                                        {
                                            "code": "RNLF",
                                            "name": "Renew Life",
                                            "count": 12,
                                            "disabled": null,
                                            "selected": false
                                        },
                                        {
                                            "code": "CAMN",
                                            "name": "Camino",
                                            "count": 14,
                                            "disabled": null,
                                            "selected": false
                                        },
                                        {
                                            "code": "PLNA",
                                            "name": "Platinum Naturals",
                                            "count": 21,
                                            "disabled": null,
                                            "selected": false
                                        },
                                        {
                                            "code": "THRE",
                                            "name": "Three Farmers",
                                            "count": 8,
                                            "disabled": null,
                                            "selected": false
                                        },
                                        {
                                            "code": "SCRV",
                                            "name": "Sea Crave",
                                            "count": 9,
                                            "disabled": null,
                                            "selected": false
                                        },
                                        {
                                            "code": "CVFM",
                                            "name": "CAVENDISH FARMS",
                                            "count": 29,
                                            "disabled": null,
                                            "selected": false
                                        },
                                        {
                                            "code": "NOSH",
                                            "name": "Nong Shim",
                                            "count": 37,
                                            "disabled": null,
                                            "selected": false
                                        },
                                        {
                                            "code": "LOTT",
                                            "name": "Lotte",
                                            "count": 15,
                                            "disabled": null,
                                            "selected": false
                                        },
                                        {
                                            "code": "BUSB",
                                            "name": "Bush's Best",
                                            "count": 11,
                                            "disabled": null,
                                            "selected": false
                                        },
                                        {
                                            "code": "BRWK",
                                            "name": "Brunswick",
                                            "count": 10,
                                            "disabled": null,
                                            "selected": false
                                        },
                                        {
                                            "code": "DAND",
                                            "name": "Dan D Pak",
                                            "count": 14,
                                            "disabled": null,
                                            "selected": false
                                        },
                                        {
                                            "code": "WRTH",
                                            "name": "Werther's Original",
                                            "count": 12,
                                            "disabled": null,
                                            "selected": false
                                        },
                                        {
                                            "code": "PRNT",
                                            "name": "Prairienaturals",
                                            "count": 15,
                                            "disabled": null,
                                            "selected": false
                                        },
                                        {
                                            "code": "SCH",
                                            "name": "Schweppes",
                                            "count": 9,
                                            "disabled": null,
                                            "selected": false
                                        },
                                        {
                                            "code": "MVIC",
                                            "name": "Miss Vickies",
                                            "count": 12,
                                            "disabled": null,
                                            "selected": false
                                        },
                                        {
                                            "code": "ALEP",
                                            "name": "Alexis Portneuf",
                                            "count": 7,
                                            "disabled": null,
                                            "selected": false
                                        },
                                        {
                                            "code": "RUBI",
                                            "name": "Rubicon",
                                            "count": 12,
                                            "disabled": null,
                                            "selected": false
                                        },
                                        {
                                            "code": "P",
                                            "name": "President's Choice",
                                            "count": 1881,
                                            "disabled": null,
                                            "selected": false
                                        },
                                        {
                                            "code": "ZVDA",
                                            "name": "Zavida",
                                            "count": 14,
                                            "disabled": null,
                                            "selected": false
                                        },
                                        {
                                            "code": "HEWA",
                                            "name": "Heiwa",
                                            "count": 7,
                                            "disabled": null,
                                            "selected": false
                                        },
                                        {
                                            "code": "FGOU",
                                            "name": "Fresh Gourmet",
                                            "count": 8,
                                            "disabled": null,
                                            "selected": false
                                        },
                                        {
                                            "code": "MCRK",
                                            "name": "Marys Crackers",
                                            "count": 7,
                                            "disabled": null,
                                            "selected": false
                                        },
                                        {
                                            "code": "SABR",
                                            "name": "Sabra",
                                            "count": 25,
                                            "disabled": null,
                                            "selected": false
                                        },
                                        {
                                            "code": "HLMN",
                                            "name": "Hellmanns",
                                            "count": 20,
                                            "disabled": null,
                                            "selected": false
                                        },
                                        {
                                            "code": "DABR",
                                            "name": "Dabur",
                                            "count": 8,
                                            "disabled": null,
                                            "selected": false
                                        },
                                        {
                                            "code": "WOOL",
                                            "name": "Woolwich",
                                            "count": 10,
                                            "disabled": null,
                                            "selected": false
                                        },
                                        {
                                            "code": "PULF",
                                            "name": "Pure Leaf",
                                            "count": 7,
                                            "disabled": null,
                                            "selected": false
                                        },
                                        {
                                            "code": "HLTP",
                                            "name": "Halo Top",
                                            "count": 7,
                                            "disabled": null,
                                            "selected": false
                                        },
                                        {
                                            "code": "CLIF",
                                            "name": "Clif",
                                            "count": 35,
                                            "disabled": null,
                                            "selected": false
                                        },
                                        {
                                            "code": "STBU",
                                            "name": "Starbucks",
                                            "count": 80,
                                            "disabled": null,
                                            "selected": false
                                        },
                                        {
                                            "code": "RISP",
                                            "name": "Ritter Sport",
                                            "count": 10,
                                            "disabled": null,
                                            "selected": false
                                        },
                                        {
                                            "code": "BLZC",
                                            "name": "Balzac's",
                                            "count": 14,
                                            "disabled": null,
                                            "selected": false
                                        },
                                        {
                                            "code": "TOST",
                                            "name": "Tostitos",
                                            "count": 24,
                                            "disabled": null,
                                            "selected": false
                                        },
                                        {
                                            "code": "FVRT",
                                            "name": "Fever Tree",
                                            "count": 16,
                                            "disabled": null,
                                            "selected": false
                                        },
                                        {
                                            "code": "VH00",
                                            "name": "VH",
                                            "count": 20,
                                            "disabled": null,
                                            "selected": false
                                        },
                                        {
                                            "code": "GRGI",
                                            "name": "Green Giant",
                                            "count": 45,
                                            "disabled": null,
                                            "selected": false
                                        },
                                        {
                                            "code": "MORP",
                                            "name": "Maison Orphee",
                                            "count": 9,
                                            "disabled": null,
                                            "selected": false
                                        },
                                        {
                                            "code": "TSPT",
                                            "name": "The Spice Tailor",
                                            "count": 7,
                                            "disabled": null,
                                            "selected": false
                                        },
                                        {
                                            "code": "TERR",
                                            "name": "Terra",
                                            "count": 8,
                                            "disabled": null,
                                            "selected": false
                                        },
                                        {
                                            "code": "OMAL",
                                            "name": "Omega Alpha",
                                            "count": 16,
                                            "disabled": null,
                                            "selected": false
                                        },
                                        {
                                            "code": "GRHS",
                                            "name": "Greenhouse",
                                            "count": 26,
                                            "disabled": null,
                                            "selected": false
                                        },
                                        {
                                            "code": "GFLO",
                                            "name": "Garofalo",
                                            "count": 10,
                                            "disabled": null,
                                            "selected": false
                                        },
                                        {
                                            "code": "LNTC",
                                            "name": "Lantic",
                                            "count": 12,
                                            "disabled": null,
                                            "selected": false
                                        },
                                        {
                                            "code": "DNTY",
                                            "name": "Dainty",
                                            "count": 10,
                                            "disabled": null,
                                            "selected": false
                                        },
                                        {
                                            "code": "AMYS",
                                            "name": "Amys",
                                            "count": 15,
                                            "disabled": null,
                                            "selected": false
                                        },
                                        {
                                            "code": "7UP",
                                            "name": "7Up",
                                            "count": 10,
                                            "disabled": null,
                                            "selected": false
                                        },
                                        {
                                            "code": "ZAHA",
                                            "name": "Zabiha Halal",
                                            "count": 14,
                                            "disabled": null,
                                            "selected": false
                                        },
                                        {
                                            "code": "KLGS",
                                            "name": "Kelloggs",
                                            "count": 107,
                                            "disabled": null,
                                            "selected": false
                                        },
                                        {
                                            "code": "PTEA",
                                            "name": "Peace Tea",
                                            "count": 9,
                                            "disabled": null,
                                            "selected": false
                                        },
                                        {
                                            "code": "LCLR",
                                            "name": "Leclerc",
                                            "count": 35,
                                            "disabled": null,
                                            "selected": false
                                        },
                                        {
                                            "code": "SMLL",
                                            "name": "Stonemill",
                                            "count": 7,
                                            "disabled": null,
                                            "selected": false
                                        },
                                        {
                                            "code": "FLEI",
                                            "name": "Fleischmanns",
                                            "count": 10,
                                            "disabled": null,
                                            "selected": false
                                        },
                                        {
                                            "code": "SAHA",
                                            "name": "Salus Haus",
                                            "count": 9,
                                            "disabled": null,
                                            "selected": false
                                        },
                                        {
                                            "code": "LGFA",
                                            "name": "LoveGoodFats",
                                            "count": 13,
                                            "disabled": null,
                                            "selected": false
                                        },
                                        {
                                            "code": "LTHS",
                                            "name": "Litehouse",
                                            "count": 10,
                                            "disabled": null,
                                            "selected": false
                                        },
                                        {
                                            "code": "FREN",
                                            "name": "Frenchs",
                                            "count": 16,
                                            "disabled": null,
                                            "selected": false
                                        },
                                        {
                                            "code": "SGGS",
                                            "name": "siggi's",
                                            "count": 9,
                                            "disabled": null,
                                            "selected": false
                                        },
                                        {
                                            "code": "MDH0",
                                            "name": "MDH",
                                            "count": 13,
                                            "disabled": null,
                                            "selected": false
                                        },
                                        {
                                            "code": "PCB",
                                            "name": "PC Blue Menu",
                                            "count": 242,
                                            "disabled": null,
                                            "selected": false
                                        },
                                        {
                                            "code": "NTSA",
                                            "name": "NutraSea",
                                            "count": 14,
                                            "disabled": null,
                                            "selected": false
                                        },
                                        {
                                            "code": "SBPO",
                                            "name": "Sensible Portions",
                                            "count": 17,
                                            "disabled": null,
                                            "selected": false
                                        },
                                        {
                                            "code": "SORG",
                                            "name": "Simply Organic",
                                            "count": 14,
                                            "disabled": null,
                                            "selected": false
                                        },
                                        {
                                            "code": "FLGR",
                                            "name": "Folgers",
                                            "count": 15,
                                            "disabled": null,
                                            "selected": false
                                        },
                                        {
                                            "code": "RFLS",
                                            "name": "Ruffles",
                                            "count": 16,
                                            "disabled": null,
                                            "selected": false
                                        },
                                        {
                                            "code": "DOET",
                                            "name": "Dr Oetker",
                                            "count": 62,
                                            "disabled": null,
                                            "selected": false
                                        },
                                        {
                                            "code": "DVRD",
                                            "name": "Delverde",
                                            "count": 13,
                                            "disabled": null,
                                            "selected": false
                                        },
                                        {
                                            "code": "ANDL",
                                            "name": "Andalou Naturals",
                                            "count": 36,
                                            "disabled": null,
                                            "selected": false
                                        },
                                        {
                                            "code": "DELM",
                                            "name": "Del Monte",
                                            "count": 35,
                                            "disabled": null,
                                            "selected": false
                                        },
                                        {
                                            "code": "CS",
                                            "name": "Carnaby Sweet",
                                            "count": 13,
                                            "disabled": null,
                                            "selected": false
                                        },
                                        {
                                            "code": "LACB",
                                            "name": "Lacroix Beverage",
                                            "count": 8,
                                            "disabled": null,
                                            "selected": false
                                        },
                                        {
                                            "code": "KBFT",
                                            "name": "Kebab Factory",
                                            "count": 7,
                                            "disabled": null,
                                            "selected": false
                                        },
                                        {
                                            "code": "CRFT",
                                            "name": "Crofter's",
                                            "count": 7,
                                            "disabled": null,
                                            "selected": false
                                        },
                                        {
                                            "code": "SAPU",
                                            "name": "Saputo",
                                            "count": 32,
                                            "disabled": null,
                                            "selected": false
                                        },
                                        {
                                            "code": "RACO",
                                            "name": "Raincoast",
                                            "count": 10,
                                            "disabled": null,
                                            "selected": false
                                        },
                                        {
                                            "code": "NAVA",
                                            "name": "Nature Valley",
                                            "count": 39,
                                            "disabled": null,
                                            "selected": false
                                        },
                                        {
                                            "code": "GBVJ",
                                            "name": "Green Beaver",
                                            "count": 23,
                                            "disabled": null,
                                            "selected": false
                                        },
                                        {
                                            "code": "RISE",
                                            "name": "Rise Kombucha",
                                            "count": 9,
                                            "disabled": null,
                                            "selected": false
                                        },
                                        {
                                            "code": "BORM",
                                            "name": "Bobs Red Mill",
                                            "count": 50,
                                            "disabled": null,
                                            "selected": false
                                        },
                                        {
                                            "code": "VORT",
                                            "name": "Voortman",
                                            "count": 14,
                                            "disabled": null,
                                            "selected": false
                                        },
                                        {
                                            "code": "GDLL",
                                            "name": "Gold Label",
                                            "count": 9,
                                            "disabled": null,
                                            "selected": false
                                        },
                                        {
                                            "code": "STFA",
                                            "name": "Stefano Faita",
                                            "count": 9,
                                            "disabled": null,
                                            "selected": false
                                        },
                                        {
                                            "code": "PRTK",
                                            "name": "Partake",
                                            "count": 7,
                                            "disabled": null,
                                            "selected": false
                                        },
                                        {
                                            "code": "BRAN",
                                            "name": "Brandt",
                                            "count": 11,
                                            "disabled": null,
                                            "selected": false
                                        },
                                        {
                                            "code": "KIJU",
                                            "name": "Kiju",
                                            "count": 15,
                                            "disabled": null,
                                            "selected": false
                                        },
                                        {
                                            "code": "FODY",
                                            "name": "Fody",
                                            "count": 8,
                                            "disabled": null,
                                            "selected": false
                                        },
                                        {
                                            "code": "THEO",
                                            "name": "Theobroma",
                                            "count": 7,
                                            "disabled": null,
                                            "selected": false
                                        },
                                        {
                                            "code": "TVIA",
                                            "name": "Truvia",
                                            "count": 7,
                                            "disabled": null,
                                            "selected": false
                                        },
                                        {
                                            "code": "JRDN",
                                            "name": "Jordans",
                                            "count": 16,
                                            "disabled": null,
                                            "selected": false
                                        },
                                        {
                                            "code": "GRDN",
                                            "name": "Garden",
                                            "count": 7,
                                            "disabled": null,
                                            "selected": false
                                        },
                                        {
                                            "code": "ANNS",
                                            "name": "Annie's",
                                            "count": 28,
                                            "disabled": null,
                                            "selected": false
                                        },
                                        {
                                            "code": "NOMA",
                                            "name": "Noah Martin",
                                            "count": 8,
                                            "disabled": null,
                                            "selected": false
                                        },
                                        {
                                            "code": "TLPC",
                                            "name": "The Little Potato Company",
                                            "count": 7,
                                            "disabled": null,
                                            "selected": false
                                        },
                                        {
                                            "code": "KEG",
                                            "name": "The Keg",
                                            "count": 7,
                                            "disabled": null,
                                            "selected": false
                                        },
                                        {
                                            "code": "BNGN",
                                            "name": "Bens Original",
                                            "count": 8,
                                            "disabled": null,
                                            "selected": false
                                        },
                                        {
                                            "code": "KASH",
                                            "name": "Kashi",
                                            "count": 16,
                                            "disabled": null,
                                            "selected": false
                                        },
                                        {
                                            "code": "BIOK",
                                            "name": "Bio K+",
                                            "count": 8,
                                            "disabled": null,
                                            "selected": false
                                        },
                                        {
                                            "code": "SWNS",
                                            "name": "Swanson",
                                            "count": 10,
                                            "disabled": null,
                                            "selected": false
                                        },
                                        {
                                            "code": "SPIT",
                                            "name": "Sprite",
                                            "count": 7,
                                            "disabled": null,
                                            "selected": false
                                        },
                                        {
                                            "code": "CSLO",
                                            "name": "Castello",
                                            "count": 24,
                                            "disabled": null,
                                            "selected": false
                                        },
                                        {
                                            "code": "OVIL",
                                            "name": "Orville",
                                            "count": 10,
                                            "disabled": null,
                                            "selected": false
                                        },
                                        {
                                            "code": "MINR",
                                            "name": "Minute Rice",
                                            "count": 14,
                                            "disabled": null,
                                            "selected": false
                                        },
                                        {
                                            "code": "KSHK",
                                            "name": "Kozy Shack",
                                            "count": 7,
                                            "disabled": null,
                                            "selected": false
                                        },
                                        {
                                            "code": "BN00",
                                            "name": "BN",
                                            "count": 14,
                                            "disabled": null,
                                            "selected": false
                                        },
                                        {
                                            "code": "TSTE",
                                            "name": "Tre Stelle",
                                            "count": 33,
                                            "disabled": null,
                                            "selected": false
                                        },
                                        {
                                            "code": "LCTN",
                                            "name": "Lactantia",
                                            "count": 23,
                                            "disabled": null,
                                            "selected": false
                                        },
                                        {
                                            "code": "BRYS",
                                            "name": "Breyers",
                                            "count": 19,
                                            "disabled": null,
                                            "selected": false
                                        },
                                        {
                                            "code": "MOTT",
                                            "name": "Mott's",
                                            "count": 32,
                                            "disabled": null,
                                            "selected": false
                                        },
                                        {
                                            "code": "ATTI",
                                            "name": "Attitude",
                                            "count": 11,
                                            "disabled": null,
                                            "selected": false
                                        },
                                        {
                                            "code": "DION",
                                            "name": "Dion",
                                            "count": 66,
                                            "disabled": null,
                                            "selected": false
                                        },
                                        {
                                            "code": "LRBR",
                                            "name": "Larabar",
                                            "count": 22,
                                            "disabled": null,
                                            "selected": false
                                        },
                                        {
                                            "code": "TAT1",
                                            "name": "Tata",
                                            "count": 9,
                                            "disabled": null,
                                            "selected": false
                                        },
                                        {
                                            "code": "OASI",
                                            "name": "Oasis",
                                            "count": 25,
                                            "disabled": null,
                                            "selected": false
                                        },
                                        {
                                            "code": "BICK",
                                            "name": "Bicks",
                                            "count": 25,
                                            "disabled": null,
                                            "selected": false
                                        },
                                        {
                                            "code": "FM",
                                            "name": "Farmer's Market",
                                            "count": 163,
                                            "disabled": null,
                                            "selected": false
                                        },
                                        {
                                            "code": "GENT",
                                            "name": "Genuine Tea",
                                            "count": 7,
                                            "disabled": null,
                                            "selected": false
                                        },
                                        {
                                            "code": "KNOR",
                                            "name": "Knorr",
                                            "count": 84,
                                            "disabled": null,
                                            "selected": false
                                        },
                                        {
                                            "code": "TAON",
                                            "name": "Taste of Nature",
                                            "count": 14,
                                            "disabled": null,
                                            "selected": false
                                        },
                                        {
                                            "code": "SUMF",
                                            "name": "Summer Fresh",
                                            "count": 7,
                                            "disabled": null,
                                            "selected": false
                                        },
                                        {
                                            "code": "TLCW",
                                            "name": "The Laughing Cow",
                                            "count": 12,
                                            "disabled": null,
                                            "selected": false
                                        },
                                        {
                                            "code": "MZTA",
                                            "name": "Mezzetta",
                                            "count": 9,
                                            "disabled": null,
                                            "selected": false
                                        },
                                        {
                                            "code": "TT",
                                            "name": "T&T",
                                            "count": 72,
                                            "disabled": null,
                                            "selected": false
                                        },
                                        {
                                            "code": "MRNO",
                                            "name": "Mr Noodles",
                                            "count": 19,
                                            "disabled": null,
                                            "selected": false
                                        },
                                        {
                                            "code": "JLNK",
                                            "name": "Jack Links",
                                            "count": 24,
                                            "disabled": null,
                                            "selected": false
                                        },
                                        {
                                            "code": "GLEA",
                                            "name": "Gay Lea",
                                            "count": 26,
                                            "disabled": null,
                                            "selected": false
                                        },
                                        {
                                            "code": "HUMP",
                                            "name": "Humpty Dumpty",
                                            "count": 9,
                                            "disabled": null,
                                            "selected": false
                                        },
                                        {
                                            "code": "LOOP",
                                            "name": "Loop",
                                            "count": 7,
                                            "disabled": null,
                                            "selected": false
                                        },
                                        {
                                            "code": "PPRF",
                                            "name": "Pepperidge Farm",
                                            "count": 25,
                                            "disabled": null,
                                            "selected": false
                                        },
                                        {
                                            "code": "PCCB",
                                            "name": "Philadelphia",
                                            "count": 26,
                                            "disabled": null,
                                            "selected": false
                                        },
                                        {
                                            "code": "NATA",
                                            "name": "Natracare",
                                            "count": 12,
                                            "disabled": null,
                                            "selected": false
                                        },
                                        {
                                            "code": "MCCO",
                                            "name": "McCormicks",
                                            "count": 37,
                                            "disabled": null,
                                            "selected": false
                                        },
                                        {
                                            "code": "FR2O",
                                            "name": "Fruit2O",
                                            "count": 9,
                                            "disabled": null,
                                            "selected": false
                                        },
                                        {
                                            "code": "MCCA",
                                            "name": "McCain",
                                            "count": 63,
                                            "disabled": null,
                                            "selected": false
                                        },
                                        {
                                            "code": "PALD",
                                            "name": "Paldo",
                                            "count": 9,
                                            "disabled": null,
                                            "selected": false
                                        },
                                        {
                                            "code": "BOTH",
                                            "name": "Bothwell",
                                            "count": 9,
                                            "disabled": null,
                                            "selected": false
                                        },
                                        {
                                            "code": "MTHR",
                                            "name": "Mother",
                                            "count": 8,
                                            "disabled": null,
                                            "selected": false
                                        },
                                        {
                                            "code": "BLYB",
                                            "name": "Billy Bee",
                                            "count": 7,
                                            "disabled": null,
                                            "selected": false
                                        },
                                        {
                                            "code": "CKPE",
                                            "name": "Chickapea",
                                            "count": 7,
                                            "disabled": null,
                                            "selected": false
                                        },
                                        {
                                            "code": "CASB",
                                            "name": "Casbah",
                                            "count": 10,
                                            "disabled": null,
                                            "selected": false
                                        },
                                        {
                                            "code": "RNTS",
                                            "name": "Royal Nuts",
                                            "count": 17,
                                            "disabled": null,
                                            "selected": false
                                        },
                                        {
                                            "code": "AYLM",
                                            "name": "Aylmer",
                                            "count": 12,
                                            "disabled": null,
                                            "selected": false
                                        },
                                        {
                                            "code": "NUPA",
                                            "name": "Nupak",
                                            "count": 12,
                                            "disabled": null,
                                            "selected": false
                                        },
                                        {
                                            "code": "SPAF",
                                            "name": "A Spice Affair",
                                            "count": 21,
                                            "disabled": null,
                                            "selected": false
                                        },
                                        {
                                            "code": "SRDO",
                                            "name": "Sardo",
                                            "count": 29,
                                            "disabled": null,
                                            "selected": false
                                        },
                                        {
                                            "code": "ALBA",
                                            "name": "Alba Botanica",
                                            "count": 9,
                                            "disabled": null,
                                            "selected": false
                                        },
                                        {
                                            "code": "PUKA",
                                            "name": "Pukka",
                                            "count": 7,
                                            "disabled": null,
                                            "selected": false
                                        },
                                        {
                                            "code": "CGDN",
                                            "name": "California Garden",
                                            "count": 7,
                                            "disabled": null,
                                            "selected": false
                                        },
                                        {
                                            "code": "TTLY",
                                            "name": "Tetley",
                                            "count": 32,
                                            "disabled": null,
                                            "selected": false
                                        },
                                        {
                                            "code": "PULE",
                                            "name": "Pure Le Natural",
                                            "count": 16,
                                            "disabled": null,
                                            "selected": false
                                        },
                                        {
                                            "code": "SRAT",
                                            "name": "Surati",
                                            "count": 15,
                                            "disabled": null,
                                            "selected": false
                                        },
                                        {
                                            "code": "DITA",
                                            "name": "D'Italiano",
                                            "count": 17,
                                            "disabled": null,
                                            "selected": false
                                        },
                                        {
                                            "code": "TRME",
                                            "name": "Traditional Medicinals",
                                            "count": 30,
                                            "disabled": null,
                                            "selected": false
                                        },
                                        {
                                            "code": "FRUI",
                                            "name": "Fruite",
                                            "count": 11,
                                            "disabled": null,
                                            "selected": false
                                        },
                                        {
                                            "code": "PCBL",
                                            "name": "PC Black Label",
                                            "count": 136,
                                            "disabled": null,
                                            "selected": false
                                        },
                                        {
                                            "code": "PLRS",
                                            "name": "Pillers",
                                            "count": 23,
                                            "disabled": null,
                                            "selected": false
                                        },
                                        {
                                            "code": "KHRS",
                                            "name": "Kicking Horse",
                                            "count": 20,
                                            "disabled": null,
                                            "selected": false
                                        },
                                        {
                                            "code": "LPTN",
                                            "name": "Lipton",
                                            "count": 17,
                                            "disabled": null,
                                            "selected": false
                                        },
                                        {
                                            "code": "KRNS",
                                            "name": "Krinos",
                                            "count": 8,
                                            "disabled": null,
                                            "selected": false
                                        },
                                        {
                                            "code": "CHPS",
                                            "name": "Chapmans",
                                            "count": 81,
                                            "disabled": null,
                                            "selected": false
                                        },
                                        {
                                            "code": "CLSO",
                                            "name": "Classico",
                                            "count": 19,
                                            "disabled": null,
                                            "selected": false
                                        },
                                        {
                                            "code": "BDAC",
                                            "name": "Bodacious",
                                            "count": 8,
                                            "disabled": null,
                                            "selected": false
                                        },
                                        {
                                            "code": "SUFR",
                                            "name": "Sufra",
                                            "count": 25,
                                            "disabled": null,
                                            "selected": false
                                        },
                                        {
                                            "code": "SISA",
                                            "name": "Sikorski Sausages",
                                            "count": 13,
                                            "disabled": null,
                                            "selected": false
                                        },
                                        {
                                            "code": "ECMX",
                                            "name": "Eco-Max",
                                            "count": 44,
                                            "disabled": null,
                                            "selected": false
                                        },
                                        {
                                            "code": "JLLY",
                                            "name": "JOLLY RANCHER",
                                            "count": 8,
                                            "disabled": null,
                                            "selected": false
                                        },
                                        {
                                            "code": "FLOW",
                                            "name": "Flow Water",
                                            "count": 9,
                                            "disabled": null,
                                            "selected": false
                                        },
                                        {
                                            "code": "KETL",
                                            "name": "Kettle",
                                            "count": 20,
                                            "disabled": null,
                                            "selected": false
                                        },
                                        {
                                            "code": "PLTR",
                                            "name": "Planters",
                                            "count": 11,
                                            "disabled": null,
                                            "selected": false
                                        },
                                        {
                                            "code": "RIOM",
                                            "name": "Rio Mare",
                                            "count": 12,
                                            "disabled": null,
                                            "selected": false
                                        },
                                        {
                                            "code": "MRCI",
                                            "name": "merci",
                                            "count": 7,
                                            "disabled": null,
                                            "selected": false
                                        },
                                        {
                                            "code": "SPEL",
                                            "name": "San Pellegrino",
                                            "count": 17,
                                            "disabled": null,
                                            "selected": false
                                        },
                                        {
                                            "code": "SPRK",
                                            "name": "Sparkling Ice",
                                            "count": 11,
                                            "disabled": null,
                                            "selected": false
                                        },
                                        {
                                            "code": "DRBR",
                                            "name": "Dr Bronners",
                                            "count": 20,
                                            "disabled": null,
                                            "selected": false
                                        },
                                        {
                                            "code": "KAWR",
                                            "name": "Kawartha",
                                            "count": 15,
                                            "disabled": null,
                                            "selected": false
                                        },
                                        {
                                            "code": "DECC",
                                            "name": "De Cecco",
                                            "count": 19,
                                            "disabled": null,
                                            "selected": false
                                        },
                                        {
                                            "code": "N",
                                            "name": "No Name",
                                            "count": 708,
                                            "disabled": null,
                                            "selected": false
                                        },
                                        {
                                            "code": "MONS",
                                            "name": "Monster Energy",
                                            "count": 37,
                                            "disabled": null,
                                            "selected": false
                                        },
                                        {
                                            "code": "JVIL",
                                            "name": "Johnsonville",
                                            "count": 20,
                                            "disabled": null,
                                            "selected": false
                                        },
                                        {
                                            "code": "CHRE",
                                            "name": "Christie",
                                            "count": 126,
                                            "disabled": null,
                                            "selected": false
                                        },
                                        {
                                            "code": "OPIC",
                                            "name": "Olympic",
                                            "count": 7,
                                            "disabled": null,
                                            "selected": false
                                        },
                                        {
                                            "code": "SNDB",
                                            "name": "SANDBANKS",
                                            "count": 11,
                                            "disabled": null,
                                            "selected": false
                                        },
                                        {
                                            "code": "DESS",
                                            "name": "Desert Essence",
                                            "count": 18,
                                            "disabled": null,
                                            "selected": false
                                        },
                                        {
                                            "code": "AMUL",
                                            "name": "Amul",
                                            "count": 15,
                                            "disabled": null,
                                            "selected": false
                                        },
                                        {
                                            "code": "ELAN",
                                            "name": "Elan",
                                            "count": 21,
                                            "disabled": null,
                                            "selected": false
                                        },
                                        {
                                            "code": "KUHN",
                                            "name": "Kuhne",
                                            "count": 8,
                                            "disabled": null,
                                            "selected": false
                                        },
                                        {
                                            "code": "RIGH",
                                            "name": "Righteous",
                                            "count": 9,
                                            "disabled": null,
                                            "selected": false
                                        },
                                        {
                                            "code": "TWNG",
                                            "name": "Twinings",
                                            "count": 32,
                                            "disabled": null,
                                            "selected": false
                                        },
                                        {
                                            "code": "OCEA",
                                            "name": "Ocean's Halo",
                                            "count": 12,
                                            "disabled": null,
                                            "selected": false
                                        },
                                        {
                                            "code": "SMSW",
                                            "name": "Smart Sweets",
                                            "count": 11,
                                            "disabled": null,
                                            "selected": false
                                        },
                                        {
                                            "code": "HRBO",
                                            "name": "Haribo",
                                            "count": 13,
                                            "disabled": null,
                                            "selected": false
                                        },
                                        {
                                            "code": "LOUS",
                                            "name": "Lous",
                                            "count": 10,
                                            "disabled": null,
                                            "selected": false
                                        },
                                        {
                                            "code": "HYCR",
                                            "name": "Healthy Crunch",
                                            "count": 19,
                                            "disabled": null,
                                            "selected": false
                                        },
                                        {
                                            "code": "DAIY",
                                            "name": "Daiya",
                                            "count": 28,
                                            "disabled": null,
                                            "selected": false
                                        },
                                        {
                                            "code": "GLCU",
                                            "name": "Glaceau",
                                            "count": 18,
                                            "disabled": null,
                                            "selected": false
                                        },
                                        {
                                            "code": "PGSV",
                                            "name": "Progressive",
                                            "count": 36,
                                            "disabled": null,
                                            "selected": false
                                        },
                                        {
                                            "code": "OCSP",
                                            "name": "Ocean Spray",
                                            "count": 32,
                                            "disabled": null,
                                            "selected": false
                                        },
                                        {
                                            "code": "SKNY",
                                            "name": "SkinnyPop Popcorn",
                                            "count": 7,
                                            "disabled": null,
                                            "selected": false
                                        },
                                        {
                                            "code": "KJ00",
                                            "name": "KJ",
                                            "count": 7,
                                            "disabled": null,
                                            "selected": false
                                        },
                                        {
                                            "code": "CADB",
                                            "name": "Cadbury",
                                            "count": 41,
                                            "disabled": null,
                                            "selected": false
                                        },
                                        {
                                            "code": "BDIA",
                                            "name": "Blue Diamond",
                                            "count": 19,
                                            "disabled": null,
                                            "selected": false
                                        },
                                        {
                                            "code": "GRCE",
                                            "name": "Grace",
                                            "count": 61,
                                            "disabled": null,
                                            "selected": false
                                        },
                                        {
                                            "code": "SWCH",
                                            "name": "Swiss Chalet",
                                            "count": 17,
                                            "disabled": null,
                                            "selected": false
                                        },
                                        {
                                            "code": "LNBK",
                                            "name": "Little Northern Bakehouse",
                                            "count": 8,
                                            "disabled": null,
                                            "selected": false
                                        },
                                        {
                                            "code": "MINM",
                                            "name": "Minute Maid",
                                            "count": 28,
                                            "disabled": null,
                                            "selected": false
                                        },
                                        {
                                            "code": "RMDY",
                                            "name": "Remedy",
                                            "count": 16,
                                            "disabled": null,
                                            "selected": false
                                        },
                                        {
                                            "code": "HPSN",
                                            "name": "Hippie Snacks",
                                            "count": 7,
                                            "disabled": null,
                                            "selected": false
                                        },
                                        {
                                            "code": "SIPR",
                                            "name": "Simply Protein",
                                            "count": 13,
                                            "disabled": null,
                                            "selected": false
                                        },
                                        {
                                            "code": "6FOR",
                                            "name": "Six Fortune",
                                            "count": 6,
                                            "disabled": null,
                                            "selected": false
                                        },
                                        {
                                            "code": "WGLY",
                                            "name": "Wrigley's",
                                            "count": 26,
                                            "disabled": null,
                                            "selected": false
                                        },
                                        {
                                            "code": "COCK",
                                            "name": "Cock",
                                            "count": 9,
                                            "disabled": null,
                                            "selected": false
                                        },
                                        {
                                            "code": "BENS",
                                            "name": "Bens",
                                            "count": 59,
                                            "disabled": null,
                                            "selected": false
                                        },
                                        {
                                            "code": "ZIG",
                                            "name": "Ziggy's",
                                            "count": 36,
                                            "disabled": null,
                                            "selected": false
                                        },
                                        {
                                            "code": "NACL",
                                            "name": "Nature Clean",
                                            "count": 43,
                                            "disabled": null,
                                            "selected": false
                                        },
                                        {
                                            "code": "PCFC",
                                            "name": "Pacific Foods",
                                            "count": 16,
                                            "disabled": null,
                                            "selected": false
                                        },
                                        {
                                            "code": "SU",
                                            "name": "Suraj",
                                            "count": 97,
                                            "disabled": null,
                                            "selected": false
                                        },
                                        {
                                            "code": "QLTY",
                                            "name": "Quality",
                                            "count": 21,
                                            "disabled": null,
                                            "selected": false
                                        },
                                        {
                                            "code": "PWD",
                                            "name": "Powerade",
                                            "count": 12,
                                            "disabled": null,
                                            "selected": false
                                        },
                                        {
                                            "code": "NTEA",
                                            "name": "Nestea",
                                            "count": 10,
                                            "disabled": null,
                                            "selected": false
                                        },
                                        {
                                            "code": "CDRY",
                                            "name": "Canada Dry",
                                            "count": 28,
                                            "disabled": null,
                                            "selected": false
                                        },
                                        {
                                            "code": "STWL",
                                            "name": "Stonewall Kitchen",
                                            "count": 14,
                                            "disabled": null,
                                            "selected": false
                                        },
                                        {
                                            "code": "TITA",
                                            "name": "Tic Tac",
                                            "count": 7,
                                            "disabled": null,
                                            "selected": false
                                        },
                                        {
                                            "code": "CMEN",
                                            "name": "Casa Mendosa",
                                            "count": 8,
                                            "disabled": null,
                                            "selected": false
                                        },
                                        {
                                            "code": "WTKN",
                                            "name": "Watkins",
                                            "count": 11,
                                            "disabled": null,
                                            "selected": false
                                        },
                                        {
                                            "code": "BSSE",
                                            "name": "Basse",
                                            "count": 11,
                                            "disabled": null,
                                            "selected": false
                                        },
                                        {
                                            "code": "MRZT",
                                            "name": "Marzetti",
                                            "count": 12,
                                            "disabled": null,
                                            "selected": false
                                        },
                                        {
                                            "code": "IOGO",
                                            "name": "IOGO",
                                            "count": 20,
                                            "disabled": null,
                                            "selected": false
                                        },
                                        {
                                            "code": "DERM",
                                            "name": "Derma E",
                                            "count": 18,
                                            "disabled": null,
                                            "selected": false
                                        },
                                        {
                                            "code": "KRFT",
                                            "name": "Kraft",
                                            "count": 113,
                                            "disabled": null,
                                            "selected": false
                                        },
                                        {
                                            "code": "0AHA",
                                            "name": "AHA",
                                            "count": 6,
                                            "disabled": null,
                                            "selected": false
                                        },
                                        {
                                            "code": "DOLE",
                                            "name": "Dole",
                                            "count": 36,
                                            "disabled": null,
                                            "selected": false
                                        },
                                        {
                                            "code": "SPDL",
                                            "name": "Sapadilla",
                                            "count": 8,
                                            "disabled": null,
                                            "selected": false
                                        },
                                        {
                                            "code": "BOLT",
                                            "name": "Bolthouse",
                                            "count": 20,
                                            "disabled": null,
                                            "selected": false
                                        },
                                        {
                                            "code": "BOO",
                                            "name": "Boo Bamboo",
                                            "count": 12,
                                            "disabled": null,
                                            "selected": false
                                        },
                                        {
                                            "code": "SPLE",
                                            "name": "Splenda",
                                            "count": 15,
                                            "disabled": null,
                                            "selected": false
                                        },
                                        {
                                            "code": "LSLY",
                                            "name": "Lesley Stowe's",
                                            "count": 7,
                                            "disabled": null,
                                            "selected": false
                                        },
                                        {
                                            "code": "CRVE",
                                            "name": "Crave",
                                            "count": 17,
                                            "disabled": null,
                                            "selected": false
                                        },
                                        {
                                            "code": "TROP",
                                            "name": "Tropicana",
                                            "count": 12,
                                            "disabled": null,
                                            "selected": false
                                        },
                                        {
                                            "code": "0KND",
                                            "name": "Kind",
                                            "count": 32,
                                            "disabled": null,
                                            "selected": false
                                        },
                                        {
                                            "code": "BURN",
                                            "name": "Burnbrae Farms",
                                            "count": 26,
                                            "disabled": null,
                                            "selected": false
                                        },
                                        {
                                            "code": "CLVL",
                                            "name": "Clover Leaf",
                                            "count": 39,
                                            "disabled": null,
                                            "selected": false
                                        },
                                        {
                                            "code": "TILD",
                                            "name": "Tilda",
                                            "count": 13,
                                            "disabled": null,
                                            "selected": false
                                        },
                                        {
                                            "code": "ONEW",
                                            "name": "One World Halal",
                                            "count": 8,
                                            "disabled": null,
                                            "selected": false
                                        },
                                        {
                                            "code": "BTYC",
                                            "name": "Betty Crocker",
                                            "count": 75,
                                            "disabled": null,
                                            "selected": false
                                        },
                                        {
                                            "code": "KOSA",
                                            "name": "Kosa",
                                            "count": 26,
                                            "disabled": null,
                                            "selected": false
                                        },
                                        {
                                            "code": "HRSY",
                                            "name": "Hershey's",
                                            "count": 45,
                                            "disabled": null,
                                            "selected": false
                                        },
                                        {
                                            "code": "DARE",
                                            "name": "Dare",
                                            "count": 82,
                                            "disabled": null,
                                            "selected": false
                                        },
                                        {
                                            "code": "COCA",
                                            "name": "Coca-Cola",
                                            "count": 36,
                                            "disabled": null,
                                            "selected": false
                                        },
                                        {
                                            "code": "GSEA",
                                            "name": "GoldSeal",
                                            "count": 11,
                                            "disabled": null,
                                            "selected": false
                                        },
                                        {
                                            "code": "CARN",
                                            "name": "Carnation",
                                            "count": 14,
                                            "disabled": null,
                                            "selected": false
                                        },
                                        {
                                            "code": "WILT",
                                            "name": "Wilton",
                                            "count": 53,
                                            "disabled": null,
                                            "selected": false
                                        },
                                        {
                                            "code": "BNJ",
                                            "name": "Ben & Jerry's",
                                            "count": 26,
                                            "disabled": null,
                                            "selected": false
                                        },
                                        {
                                            "code": "TIMH",
                                            "name": "Tim Hortons",
                                            "count": 73,
                                            "disabled": null,
                                            "selected": false
                                        },
                                        {
                                            "code": "MCAF",
                                            "name": "McCafe",
                                            "count": 20,
                                            "disabled": null,
                                            "selected": false
                                        },
                                        {
                                            "code": "BBSW",
                                            "name": "Bubly Sparkling Water",
                                            "count": 13,
                                            "disabled": null,
                                            "selected": false
                                        },
                                        {
                                            "code": "BRSK",
                                            "name": "Brisk",
                                            "count": 9,
                                            "disabled": null,
                                            "selected": false
                                        },
                                        {
                                            "code": "CHNG",
                                            "name": "Ching's",
                                            "count": 12,
                                            "disabled": null,
                                            "selected": false
                                        },
                                        {
                                            "code": "4CBC",
                                            "name": "4C",
                                            "count": 6,
                                            "disabled": null,
                                            "selected": false
                                        },
                                        {
                                            "code": "MALE",
                                            "name": "Maple Leaf",
                                            "count": 34,
                                            "disabled": null,
                                            "selected": false
                                        },
                                        {
                                            "code": "CHIT",
                                            "name": "Cheez-It",
                                            "count": 10,
                                            "disabled": null,
                                            "selected": false
                                        },
                                        {
                                            "code": "MAST",
                                            "name": "Mastro",
                                            "count": 26,
                                            "disabled": null,
                                            "selected": false
                                        },
                                        {
                                            "code": "KFI0",
                                            "name": "KFI",
                                            "count": 14,
                                            "disabled": null,
                                            "selected": false
                                        },
                                        {
                                            "code": "PANO",
                                            "name": "Paneriso",
                                            "count": 10,
                                            "disabled": null,
                                            "selected": false
                                        },
                                        {
                                            "code": "THAY",
                                            "name": "Thayers",
                                            "count": 8,
                                            "disabled": null,
                                            "selected": false
                                        },
                                        {
                                            "code": "GOSQ",
                                            "name": "GoGo squeez",
                                            "count": 20,
                                            "disabled": null,
                                            "selected": false
                                        },
                                        {
                                            "code": "ZVIA",
                                            "name": "Zevia",
                                            "count": 16,
                                            "disabled": null,
                                            "selected": false
                                        },
                                        {
                                            "code": "QUKR",
                                            "name": "Quaker",
                                            "count": 103,
                                            "disabled": null,
                                            "selected": false
                                        },
                                        {
                                            "code": "DIMP",
                                            "name": "Dimpflmeier",
                                            "count": 7,
                                            "disabled": null,
                                            "selected": false
                                        },
                                        {
                                            "code": "MYND",
                                            "name": "Maynards",
                                            "count": 28,
                                            "disabled": null,
                                            "selected": false
                                        },
                                        {
                                            "code": "PRES",
                                            "name": "President",
                                            "count": 7,
                                            "disabled": null,
                                            "selected": false
                                        },
                                        {
                                            "code": "GENM",
                                            "name": "General Mills",
                                            "count": 60,
                                            "disabled": null,
                                            "selected": false
                                        },
                                        {
                                            "code": "LVGD",
                                            "name": "Level Ground",
                                            "count": 7,
                                            "disabled": null,
                                            "selected": false
                                        },
                                        {
                                            "code": "KNEL",
                                            "name": "Kanel",
                                            "count": 7,
                                            "disabled": null,
                                            "selected": false
                                        },
                                        {
                                            "code": "TAMM",
                                            "name": "Tamam",
                                            "count": 38,
                                            "disabled": null,
                                            "selected": false
                                        },
                                        {
                                            "code": "STHU",
                                            "name": "St Hubert",
                                            "count": 23,
                                            "disabled": null,
                                            "selected": false
                                        },
                                        {
                                            "code": "DACT",
                                            "name": "Activia",
                                            "count": 45,
                                            "disabled": null,
                                            "selected": false
                                        },
                                        {
                                            "code": "SUKU",
                                            "name": "SUKU",
                                            "count": 20,
                                            "disabled": null,
                                            "selected": false
                                        },
                                        {
                                            "code": "JELL",
                                            "name": "Jell-O",
                                            "count": 35,
                                            "disabled": null,
                                            "selected": false
                                        },
                                        {
                                            "code": "ENRC",
                                            "name": "Ener C",
                                            "count": 9,
                                            "disabled": null,
                                            "selected": false
                                        },
                                        {
                                            "code": "LKEE",
                                            "name": "Lee Kum Kee",
                                            "count": 27,
                                            "disabled": null,
                                            "selected": false
                                        },
                                        {
                                            "code": "HNGM",
                                            "name": "Hungry-Man",
                                            "count": 10,
                                            "disabled": null,
                                            "selected": false
                                        },
                                        {
                                            "code": "SQ",
                                            "name": "Seaquest",
                                            "count": 21,
                                            "disabled": null,
                                            "selected": false
                                        },
                                        {
                                            "code": "MGTV",
                                            "name": "Monsieur Gustav",
                                            "count": 12,
                                            "disabled": null,
                                            "selected": false
                                        },
                                        {
                                            "code": "ORME",
                                            "name": "Organic Meadow",
                                            "count": 12,
                                            "disabled": null,
                                            "selected": false
                                        },
                                        {
                                            "code": "ARMS",
                                            "name": "Armstrong",
                                            "count": 10,
                                            "disabled": null,
                                            "selected": false
                                        },
                                        {
                                            "code": "COVV",
                                            "name": "COVE",
                                            "count": 9,
                                            "disabled": null,
                                            "selected": false
                                        },
                                        {
                                            "code": "NTUR",
                                            "name": "Natura",
                                            "count": 13,
                                            "disabled": null,
                                            "selected": false
                                        },
                                        {
                                            "code": "MXWL",
                                            "name": "Maxwell House",
                                            "count": 14,
                                            "disabled": null,
                                            "selected": false
                                        },
                                        {
                                            "code": "OKA1",
                                            "name": "Oka",
                                            "count": 8,
                                            "disabled": null,
                                            "selected": false
                                        },
                                        {
                                            "code": "KBAR",
                                            "name": "Kind bar",
                                            "count": 12,
                                            "disabled": null,
                                            "selected": false
                                        },
                                        {
                                            "code": "WHSW",
                                            "name": "Wholesome Sweeteners",
                                            "count": 8,
                                            "disabled": null,
                                            "selected": false
                                        },
                                        {
                                            "code": "OEP",
                                            "name": "Old El Paso",
                                            "count": 45,
                                            "disabled": null,
                                            "selected": false
                                        },
                                        {
                                            "code": "CHEE",
                                            "name": "Cheemo",
                                            "count": 7,
                                            "disabled": null,
                                            "selected": false
                                        },
                                        {
                                            "code": "BRTO",
                                            "name": "Bertolli",
                                            "count": 21,
                                            "disabled": null,
                                            "selected": false
                                        },
                                        {
                                            "code": "YOGI",
                                            "name": "Yogi",
                                            "count": 10,
                                            "disabled": null,
                                            "selected": false
                                        },
                                        {
                                            "code": "SCHN",
                                            "name": "Schneider",
                                            "count": 78,
                                            "disabled": null,
                                            "selected": false
                                        },
                                        {
                                            "code": "MRCN",
                                            "name": "Marcangelo",
                                            "count": 36,
                                            "disabled": null,
                                            "selected": false
                                        },
                                        {
                                            "code": "MAGG",
                                            "name": "Maggi",
                                            "count": 13,
                                            "disabled": null,
                                            "selected": false
                                        },
                                        {
                                            "code": "FELI",
                                            "name": "Felicetti",
                                            "count": 11,
                                            "disabled": null,
                                            "selected": false
                                        },
                                        {
                                            "code": "SUKN",
                                            "name": "Sukin",
                                            "count": 8,
                                            "disabled": null,
                                            "selected": false
                                        },
                                        {
                                            "code": "FLRA",
                                            "name": "Flora",
                                            "count": 12,
                                            "disabled": null,
                                            "selected": false
                                        },
                                        {
                                            "code": "BLKD",
                                            "name": "Black Diamond",
                                            "count": 40,
                                            "disabled": null,
                                            "selected": false
                                        },
                                        {
                                            "code": "NSCF",
                                            "name": "Nescafe",
                                            "count": 32,
                                            "disabled": null,
                                            "selected": false
                                        },
                                        {
                                            "code": "FTLY",
                                            "name": "Frito-lay",
                                            "count": 7,
                                            "disabled": null,
                                            "selected": false
                                        },
                                        {
                                            "code": "TAZO",
                                            "name": "Tazo",
                                            "count": 9,
                                            "disabled": null,
                                            "selected": false
                                        },
                                        {
                                            "code": "HDBT",
                                            "name": "Hardbite",
                                            "count": 18,
                                            "disabled": null,
                                            "selected": false
                                        },
                                        {
                                            "code": "NLSN",
                                            "name": "Neilson",
                                            "count": 71,
                                            "disabled": null,
                                            "selected": false
                                        },
                                        {
                                            "code": "GTRD",
                                            "name": "Gatorade",
                                            "count": 48,
                                            "disabled": null,
                                            "selected": false
                                        },
                                        {
                                            "code": "MSKA",
                                            "name": "Muskoka",
                                            "count": 22,
                                            "disabled": null,
                                            "selected": false
                                        },
                                        {
                                            "code": "PATK",
                                            "name": "Pataks",
                                            "count": 23,
                                            "disabled": null,
                                            "selected": false
                                        },
                                        {
                                            "code": "GRSL",
                                            "name": "Grissol",
                                            "count": 13,
                                            "disabled": null,
                                            "selected": false
                                        },
                                        {
                                            "code": "NANA",
                                            "name": "Nanak",
                                            "count": 8,
                                            "disabled": null,
                                            "selected": false
                                        },
                                        {
                                            "code": "CHXO",
                                            "name": "ChocXO",
                                            "count": 11,
                                            "disabled": null,
                                            "selected": false
                                        },
                                        {
                                            "code": "WALK",
                                            "name": "Walkers",
                                            "count": 7,
                                            "disabled": null,
                                            "selected": false
                                        },
                                        {
                                            "code": "HBHS",
                                            "name": "Heartbeat Hot Sauce Co.",
                                            "count": 7,
                                            "disabled": null,
                                            "selected": false
                                        },
                                        {
                                            "code": "AVAL",
                                            "name": "Avalon",
                                            "count": 10,
                                            "disabled": null,
                                            "selected": false
                                        },
                                        {
                                            "code": "CHOL",
                                            "name": "Cholula",
                                            "count": 8,
                                            "disabled": null,
                                            "selected": false
                                        },
                                        {
                                            "code": "PO",
                                            "name": "PC Organics",
                                            "count": 357,
                                            "disabled": null,
                                            "selected": false
                                        },
                                        {
                                            "code": "KLAD",
                                            "name": "Kool-Aid",
                                            "count": 8,
                                            "disabled": null,
                                            "selected": false
                                        },
                                        {
                                            "code": "LVHS",
                                            "name": "Lorna Vanderhaeghe",
                                            "count": 24,
                                            "disabled": null,
                                            "selected": false
                                        },
                                        {
                                            "code": "WNDR",
                                            "name": "Wonder",
                                            "count": 17,
                                            "disabled": null,
                                            "selected": false
                                        },
                                        {
                                            "code": "GOBI",
                                            "name": "Go Bio",
                                            "count": 8,
                                            "disabled": null,
                                            "selected": false
                                        },
                                        {
                                            "code": "BWTR",
                                            "name": "BlueWater Seafoods",
                                            "count": 10,
                                            "disabled": null,
                                            "selected": false
                                        },
                                        {
                                            "code": "SODE",
                                            "name": "So Delicious",
                                            "count": 16,
                                            "disabled": null,
                                            "selected": false
                                        },
                                        {
                                            "code": "SIHI",
                                            "name": "Silver Hills",
                                            "count": 9,
                                            "disabled": null,
                                            "selected": false
                                        },
                                        {
                                            "code": "PRAN",
                                            "name": "Prana",
                                            "count": 49,
                                            "disabled": null,
                                            "selected": false
                                        },
                                        {
                                            "code": "IICI",
                                            "name": "iiCiNG",
                                            "count": 7,
                                            "disabled": null,
                                            "selected": false
                                        },
                                        {
                                            "code": "LVZZ",
                                            "name": "Lavazza",
                                            "count": 27,
                                            "disabled": null,
                                            "selected": false
                                        },
                                        {
                                            "code": "PRMO",
                                            "name": "Primo",
                                            "count": 9,
                                            "disabled": null,
                                            "selected": false
                                        },
                                        {
                                            "code": "EVRN",
                                            "name": "Everyone",
                                            "count": 11,
                                            "disabled": null,
                                            "selected": false
                                        },
                                        {
                                            "code": "KIND",
                                            "name": "Kitchens of India",
                                            "count": 11,
                                            "disabled": null,
                                            "selected": false
                                        },
                                        {
                                            "code": "BOIR",
                                            "name": "Boiron",
                                            "count": 42,
                                            "disabled": null,
                                            "selected": false
                                        },
                                        {
                                            "code": "CRPY",
                                            "name": "Crispy",
                                            "count": 9,
                                            "disabled": null,
                                            "selected": false
                                        },
                                        {
                                            "code": "SMCK",
                                            "name": "Smuckers",
                                            "count": 22,
                                            "disabled": null,
                                            "selected": false
                                        },
                                        {
                                            "code": "THBD",
                                            "name": "Thirsty Buddha",
                                            "count": 12,
                                            "disabled": null,
                                            "selected": false
                                        },
                                        {
                                            "code": "CKBR",
                                            "name": "Cracker Barrel",
                                            "count": 35,
                                            "disabled": null,
                                            "selected": false
                                        },
                                        {
                                            "code": "JANS",
                                            "name": "Janes",
                                            "count": 21,
                                            "disabled": null,
                                            "selected": false
                                        },
                                        {
                                            "code": "EARO",
                                            "name": "Earths Own",
                                            "count": 25,
                                            "disabled": null,
                                            "selected": false
                                        },
                                        {
                                            "code": "KIKO",
                                            "name": "Kikkoman",
                                            "count": 11,
                                            "disabled": null,
                                            "selected": false
                                        },
                                        {
                                            "code": "BIOI",
                                            "name": "Bioitalia",
                                            "count": 19,
                                            "disabled": null,
                                            "selected": false
                                        },
                                        {
                                            "code": "SUMA",
                                            "name": "Sunmaid",
                                            "count": 12,
                                            "disabled": null,
                                            "selected": false
                                        },
                                        {
                                            "code": "JNVN",
                                            "name": "Johnvince Foods",
                                            "count": 130,
                                            "disabled": null,
                                            "selected": false
                                        },
                                        {
                                            "code": "CELE",
                                            "name": "Celestial Seasonings",
                                            "count": 14,
                                            "disabled": null,
                                            "selected": false
                                        },
                                        {
                                            "code": "SIMP",
                                            "name": "Simply",
                                            "count": 14,
                                            "disabled": null,
                                            "selected": false
                                        },
                                        {
                                            "code": "WYDS",
                                            "name": "Wildly Delicious",
                                            "count": 11,
                                            "disabled": null,
                                            "selected": false
                                        },
                                        {
                                            "code": "GARD",
                                            "name": "Gardein",
                                            "count": 11,
                                            "disabled": null,
                                            "selected": false
                                        },
                                        {
                                            "code": "SVOR",
                                            "name": "Savor",
                                            "count": 12,
                                            "disabled": null,
                                            "selected": false
                                        },
                                        {
                                            "code": "IMAG",
                                            "name": "Imagine",
                                            "count": 9,
                                            "disabled": null,
                                            "selected": false
                                        },
                                        {
                                            "code": "BYND",
                                            "name": "Beyond Meat",
                                            "count": 8,
                                            "disabled": null,
                                            "selected": false
                                        },
                                        {
                                            "code": "CBNT",
                                            "name": "Carbonaut",
                                            "count": 13,
                                            "disabled": null,
                                            "selected": false
                                        },
                                        {
                                            "code": "TGBC",
                                            "name": "The Green Beaver Company",
                                            "count": 14,
                                            "disabled": null,
                                            "selected": false
                                        },
                                        {
                                            "code": "HMHB",
                                            "name": "Himalaya Herbals",
                                            "count": 7,
                                            "disabled": null,
                                            "selected": false
                                        },
                                        {
                                            "code": "REGL",
                                            "name": "Regal",
                                            "count": 7,
                                            "disabled": null,
                                            "selected": false
                                        },
                                        {
                                            "code": "VANH",
                                            "name": "Van Houtte",
                                            "count": 25,
                                            "disabled": null,
                                            "selected": false
                                        },
                                        {
                                            "code": "AORM",
                                            "name": "Anita's Organic Mill",
                                            "count": 7,
                                            "disabled": null,
                                            "selected": false
                                        },
                                        {
                                            "code": "BALD",
                                            "name": "Balderson",
                                            "count": 22,
                                            "disabled": null,
                                            "selected": false
                                        },
                                        {
                                            "code": "JBTR",
                                            "name": "Jus' Better",
                                            "count": 15,
                                            "disabled": null,
                                            "selected": false
                                        },
                                        {
                                            "code": "SRSE",
                                            "name": "Sunrise",
                                            "count": 9,
                                            "disabled": null,
                                            "selected": false
                                        },
                                        {
                                            "code": "PARA",
                                            "name": "Paramount",
                                            "count": 11,
                                            "disabled": null,
                                            "selected": false
                                        },
                                        {
                                            "code": "MIO0",
                                            "name": "MiO",
                                            "count": 19,
                                            "disabled": null,
                                            "selected": false
                                        },
                                        {
                                            "code": "YKVF",
                                            "name": "Yorkshire Valley Farms",
                                            "count": 7,
                                            "disabled": null,
                                            "selected": false
                                        },
                                        {
                                            "code": "JASN",
                                            "name": "Jason's",
                                            "count": 13,
                                            "disabled": null,
                                            "selected": false
                                        },
                                        {
                                            "code": "DORI",
                                            "name": "Doritos",
                                            "count": 19,
                                            "disabled": null,
                                            "selected": false
                                        },
                                        {
                                            "code": "BTBL",
                                            "name": "Better Than Bouillon",
                                            "count": 7,
                                            "disabled": null,
                                            "selected": false
                                        },
                                        {
                                            "code": "COHA",
                                            "name": "Country Harvest",
                                            "count": 17,
                                            "disabled": null,
                                            "selected": false
                                        },
                                        {
                                            "code": "0GTS",
                                            "name": "GT's",
                                            "count": 9,
                                            "disabled": null,
                                            "selected": false
                                        },
                                        {
                                            "code": "BDRA",
                                            "name": "Blue Dragon",
                                            "count": 20,
                                            "disabled": null,
                                            "selected": false
                                        },
                                        {
                                            "code": "GLCO",
                                            "name": "Glico",
                                            "count": 8,
                                            "disabled": null,
                                            "selected": false
                                        },
                                        {
                                            "code": "ROO",
                                            "name": "Rooster",
                                            "count": 51,
                                            "disabled": null,
                                            "selected": false
                                        },
                                        {
                                            "code": "SNYD",
                                            "name": "Snyders",
                                            "count": 7,
                                            "disabled": null,
                                            "selected": false
                                        },
                                        {
                                            "code": "BRNI",
                                            "name": "Britannia",
                                            "count": 29,
                                            "disabled": null,
                                            "selected": false
                                        },
                                        {
                                            "code": "CRUS",
                                            "name": "Crush",
                                            "count": 11,
                                            "disabled": null,
                                            "selected": false
                                        },
                                        {
                                            "code": "EMHR",
                                            "name": "Elmhurst",
                                            "count": 8,
                                            "disabled": null,
                                            "selected": false
                                        },
                                        {
                                            "code": "CLIC",
                                            "name": "Clic",
                                            "count": 20,
                                            "disabled": null,
                                            "selected": false
                                        },
                                        {
                                            "code": "BRAR",
                                            "name": "Brar's",
                                            "count": 14,
                                            "disabled": null,
                                            "selected": false
                                        },
                                        {
                                            "code": "NT2U",
                                            "name": "Nuts to You",
                                            "count": 14,
                                            "disabled": null,
                                            "selected": false
                                        },
                                        {
                                            "code": "GOGO",
                                            "name": "GoGo Quinoa",
                                            "count": 13,
                                            "disabled": null,
                                            "selected": false
                                        },
                                        {
                                            "code": "SHAN",
                                            "name": "Shan",
                                            "count": 11,
                                            "disabled": null,
                                            "selected": false
                                        },
                                        {
                                            "code": "RYVT",
                                            "name": "Ryvita",
                                            "count": 9,
                                            "disabled": null,
                                            "selected": false
                                        },
                                        {
                                            "code": "0JIF",
                                            "name": "Jif",
                                            "count": 9,
                                            "disabled": null,
                                            "selected": false
                                        },
                                        {
                                            "code": "BOMA",
                                            "name": "Bonne Maman",
                                            "count": 8,
                                            "disabled": null,
                                            "selected": false
                                        },
                                        {
                                            "code": "CATE",
                                            "name": "Catelli",
                                            "count": 39,
                                            "disabled": null,
                                            "selected": false
                                        },
                                        {
                                            "code": "SMFO",
                                            "name": "Smart Food",
                                            "count": 8,
                                            "disabled": null,
                                            "selected": false
                                        },
                                        {
                                            "code": "QUPA",
                                            "name": "Que Pasa",
                                            "count": 13,
                                            "disabled": null,
                                            "selected": false
                                        },
                                        {
                                            "code": "MGDG",
                                            "name": "Made Good",
                                            "count": 47,
                                            "disabled": null,
                                            "selected": false
                                        },
                                        {
                                            "code": "ALLN",
                                            "name": "Allen's",
                                            "count": 16,
                                            "disabled": null,
                                            "selected": false
                                        },
                                        {
                                            "code": "INDE",
                                            "name": "International Delight",
                                            "count": 15,
                                            "disabled": null,
                                            "selected": false
                                        },
                                        {
                                            "code": "V800",
                                            "name": "V8",
                                            "count": 8,
                                            "disabled": null,
                                            "selected": false
                                        },
                                        {
                                            "code": "OIKO",
                                            "name": "Oikos",
                                            "count": 43,
                                            "disabled": null,
                                            "selected": false
                                        },
                                        {
                                            "code": "RENE",
                                            "name": "Renees",
                                            "count": 22,
                                            "disabled": null,
                                            "selected": false
                                        },
                                        {
                                            "code": "DVDT",
                                            "name": "DAVIDsTEA",
                                            "count": 15,
                                            "disabled": null,
                                            "selected": false
                                        },
                                        {
                                            "code": "CBAD",
                                            "name": "Chef Boyardee",
                                            "count": 10,
                                            "disabled": null,
                                            "selected": false
                                        },
                                        {
                                            "code": "ITAP",
                                            "name": "Italpasta",
                                            "count": 22,
                                            "disabled": null,
                                            "selected": false
                                        },
                                        {
                                            "code": "CAMS",
                                            "name": "Campbell's",
                                            "count": 82,
                                            "disabled": null,
                                            "selected": false
                                        },
                                        {
                                            "code": "AHMA",
                                            "name": "Ahmad",
                                            "count": 8,
                                            "disabled": null,
                                            "selected": false
                                        },
                                        {
                                            "code": "TOMS",
                                            "name": "Tom's of Maine",
                                            "count": 13,
                                            "disabled": null,
                                            "selected": false
                                        },
                                        {
                                            "code": "MART",
                                            "name": "Martelli",
                                            "count": 8,
                                            "disabled": null,
                                            "selected": false
                                        },
                                        {
                                            "code": "REES",
                                            "name": "Reese's",
                                            "count": 21,
                                            "disabled": null,
                                            "selected": false
                                        },
                                        {
                                            "code": "SILK",
                                            "name": "Silk",
                                            "count": 58,
                                            "disabled": null,
                                            "selected": false
                                        },
                                        {
                                            "code": "COVT",
                                            "name": "Colavita",
                                            "count": 8,
                                            "disabled": null,
                                            "selected": false
                                        },
                                        {
                                            "code": "MELL",
                                            "name": "Montellier",
                                            "count": 9,
                                            "disabled": null,
                                            "selected": false
                                        },
                                        {
                                            "code": "PRHY",
                                            "name": "Prime Hydration",
                                            "count": 10,
                                            "disabled": null,
                                            "selected": false
                                        },
                                        {
                                            "code": "LGRC",
                                            "name": "Le Grec",
                                            "count": 7,
                                            "disabled": null,
                                            "selected": false
                                        },
                                        {
                                            "code": "ORGA",
                                            "name": "Organika",
                                            "count": 46,
                                            "disabled": null,
                                            "selected": false
                                        },
                                        {
                                            "code": "SNPK",
                                            "name": "Snackpack",
                                            "count": 7,
                                            "disabled": null,
                                            "selected": false
                                        },
                                        {
                                            "code": "DRPR",
                                            "name": "Dr Pepper",
                                            "count": 7,
                                            "disabled": null,
                                            "selected": false
                                        },
                                        {
                                            "code": "OLDU",
                                            "name": "Old Dutch",
                                            "count": 11,
                                            "disabled": null,
                                            "selected": false
                                        },
                                        {
                                            "code": "NSTL",
                                            "name": "Nestl\u00e9",
                                            "count": 139,
                                            "disabled": null,
                                            "selected": false
                                        },
                                        {
                                            "code": "MLSN",
                                            "name": "Molisana",
                                            "count": 12,
                                            "disabled": null,
                                            "selected": false
                                        },
                                        {
                                            "code": "MM00",
                                            "name": "M&M's",
                                            "count": 12,
                                            "disabled": null,
                                            "selected": false
                                        },
                                        {
                                            "code": "ROHO",
                                            "name": "Robin Hood",
                                            "count": 19,
                                            "disabled": null,
                                            "selected": false
                                        },
                                        {
                                            "code": "LIND",
                                            "name": "Lindt",
                                            "count": 70,
                                            "disabled": null,
                                            "selected": false
                                        },
                                        {
                                            "code": "MCHL",
                                            "name": "Michelina",
                                            "count": 18,
                                            "disabled": null,
                                            "selected": false
                                        },
                                        {
                                            "code": "PRGL",
                                            "name": "Pringles",
                                            "count": 17,
                                            "disabled": null,
                                            "selected": false
                                        },
                                        {
                                            "code": "BOST",
                                            "name": "Biosteel",
                                            "count": 8,
                                            "disabled": null,
                                            "selected": false
                                        },
                                        {
                                            "code": "MUTT",
                                            "name": "Mutti",
                                            "count": 17,
                                            "disabled": null,
                                            "selected": false
                                        },
                                        {
                                            "code": "0BAI",
                                            "name": "Bai",
                                            "count": 6,
                                            "disabled": null,
                                            "selected": false
                                        },
                                        {
                                            "code": "FERM",
                                            "name": "Ferma",
                                            "count": 12,
                                            "disabled": null,
                                            "selected": false
                                        },
                                        {
                                            "code": "NEBO",
                                            "name": "Neal Brothers Foods",
                                            "count": 17,
                                            "disabled": null,
                                            "selected": false
                                        },
                                        {
                                            "code": "BASK",
                                            "name": "BASK",
                                            "count": 13,
                                            "disabled": null,
                                            "selected": false
                                        },
                                        {
                                            "code": "ODOU",
                                            "name": "ODoughs",
                                            "count": 7,
                                            "disabled": null,
                                            "selected": false
                                        },
                                        {
                                            "code": "TUNC",
                                            "name": "The Unscented Company",
                                            "count": 12,
                                            "disabled": null,
                                            "selected": false
                                        },
                                        {
                                            "code": "RKST",
                                            "name": "Rockstar",
                                            "count": 11,
                                            "disabled": null,
                                            "selected": false
                                        },
                                        {
                                            "code": "HCHC",
                                            "name": "Healthy Choice",
                                            "count": 24,
                                            "disabled": null,
                                            "selected": false
                                        },
                                        {
                                            "code": "RDBL",
                                            "name": "Red Bull",
                                            "count": 22,
                                            "disabled": null,
                                            "selected": false
                                        },
                                        {
                                            "code": "GFFG",
                                            "name": "Good Food for Good",
                                            "count": 8,
                                            "disabled": null,
                                            "selected": false
                                        },
                                        {
                                            "code": "NTRL",
                                            "name": "Natrel",
                                            "count": 15,
                                            "disabled": null,
                                            "selected": false
                                        },
                                        {
                                            "code": "UNIC",
                                            "name": "Unico",
                                            "count": 71,
                                            "disabled": null,
                                            "selected": false
                                        }
                                    ]
                                },
                                {
                                    "code": "promotions",
                                    "name": "Deals",
                                    "multiSelect": true,
                                    "values": [
                                        {
                                            "code": "PC Points",
                                            "name": "PC Optimum Points",
                                            "count": 15350,
                                            "disabled": null,
                                            "selected": false
                                        },
                                        {
                                            "code": "Multi-Buy",
                                            "name": "Multi-Buy",
                                            "count": 3181,
                                            "disabled": null,
                                            "selected": false
                                        },
                                        {
                                            "code": "Price Reduction",
                                            "name": "Price Reduction",
                                            "count": 1350,
                                            "disabled": null,
                                            "selected": false
                                        },
                                        {
                                            "code": "Member Only Price",
                                            "name": "Member Only Price",
                                            "count": 891,
                                            "disabled": null,
                                            "selected": false
                                        },
                                        {
                                            "code": "$1,$2,$3,$4,$5",
                                            "name": "$1,$2,$3,$4,$5",
                                            "count": 628,
                                            "disabled": null,
                                            "selected": false
                                        }
                                    ]
                                },
                                {
                                    "code": "price ranges",
                                    "name": "Price",
                                    "multiSelect": true,
                                    "values": [
                                        {
                                            "code": "$1 and under",
                                            "name": "$1 and under",
                                            "count": 154,
                                            "disabled": null,
                                            "selected": false
                                        },
                                        {
                                            "code": "$2 and under",
                                            "name": "$2 and under",
                                            "count": 1305,
                                            "disabled": null,
                                            "selected": false
                                        },
                                        {
                                            "code": "$3 and under",
                                            "name": "$3 and under",
                                            "count": 3108,
                                            "disabled": null,
                                            "selected": false
                                        },
                                        {
                                            "code": "$4 and under",
                                            "name": "$4 and under",
                                            "count": 5439,
                                            "disabled": null,
                                            "selected": false
                                        },
                                        {
                                            "code": "$5 and under",
                                            "name": "$5 and under",
                                            "count": 8191,
                                            "disabled": null,
                                            "selected": false
                                        },
                                        {
                                            "code": "$5-$10",
                                            "name": "$5-$10",
                                            "count": 7154,
                                            "disabled": null,
                                            "selected": false
                                        },
                                        {
                                            "code": "$10-$15",
                                            "name": "$10-$15",
                                            "count": 1952,
                                            "disabled": null,
                                            "selected": false
                                        },
                                        {
                                            "code": "$15-$20",
                                            "name": "$15-$20",
                                            "count": 862,
                                            "disabled": null,
                                            "selected": false
                                        },
                                        {
                                            "code": "$20-$30",
                                            "name": "$20-$30",
                                            "count": 594,
                                            "disabled": null,
                                            "selected": false
                                        },
                                        {
                                            "code": "$30-$50",
                                            "name": "$30-$50",
                                            "count": 335,
                                            "disabled": null,
                                            "selected": false
                                        },
                                        {
                                            "code": "$50-$100",
                                            "name": "$50-$100",
                                            "count": 103,
                                            "disabled": null,
                                            "selected": false
                                        },
                                        {
                                            "code": "$100-$200",
                                            "name": "$100-$200",
                                            "count": 3,
                                            "disabled": null,
                                            "selected": false
                                        }
                                    ]
                                },
                                {
                                    "code": "dietaryCallouts",
                                    "name": "Dietary & Lifestyle",
                                    "multiSelect": true,
                                    "values": [
                                        {
                                            "code": "low_calories",
                                            "name": "Calories Conscious",
                                            "count": 1,
                                            "disabled": null,
                                            "selected": false
                                        },
                                        {
                                            "code": "low_sugar",
                                            "name": "Sugar Conscious",
                                            "count": 1,
                                            "disabled": null,
                                            "selected": false
                                        },
                                        {
                                            "code": "lactose_free",
                                            "name": "Lactose Free",
                                            "count": 1,
                                            "disabled": null,
                                            "selected": false
                                        },
                                        {
                                            "code": "high_fibre",
                                            "name": "High Fibre",
                                            "count": 1,
                                            "disabled": null,
                                            "selected": false
                                        },
                                        {
                                            "code": "peanut_free",
                                            "name": "Peanut Free Facility",
                                            "count": 1,
                                            "disabled": null,
                                            "selected": false
                                        },
                                        {
                                            "code": "hormone_free",
                                            "name": "No Added Hormones",
                                            "count": 1,
                                            "disabled": null,
                                            "selected": false
                                        },
                                        {
                                            "code": "low_sodium",
                                            "name": "Sodium Conscious",
                                            "count": 1,
                                            "disabled": null,
                                            "selected": false
                                        },
                                        {
                                            "code": "sustainable_msc",
                                            "name": "Sustainable Fishing Certification",
                                            "count": 1,
                                            "disabled": null,
                                            "selected": false
                                        },
                                        {
                                            "code": "low_fat",
                                            "name": "Low & Less Fat",
                                            "count": 1,
                                            "disabled": null,
                                            "selected": false
                                        },
                                        {
                                            "code": "vegan",
                                            "name": "Vegan",
                                            "count": 1,
                                            "disabled": null,
                                            "selected": false
                                        },
                                        {
                                            "code": "vitamins_minerals",
                                            "name": "Source of Vitamins or Minerals",
                                            "count": 1,
                                            "disabled": null,
                                            "selected": false
                                        },
                                        {
                                            "code": "omega3",
                                            "name": "Source of Omega 3",
                                            "count": 1,
                                            "disabled": null,
                                            "selected": false
                                        },
                                        {
                                            "code": "whole_grain",
                                            "name": "Whole Grain",
                                            "count": 1,
                                            "disabled": null,
                                            "selected": false
                                        },
                                        {
                                            "code": "antibiotic_free",
                                            "name": "Raised Without Antibiotics",
                                            "count": 1,
                                            "disabled": null,
                                            "selected": false
                                        },
                                        {
                                            "code": "sustainable_asc",
                                            "name": "Sustainable Aquaculture Certification",
                                            "count": 1,
                                            "disabled": null,
                                            "selected": false
                                        },
                                        {
                                            "code": "gluten_free",
                                            "name": "Gluten Free",
                                            "count": 1,
                                            "disabled": null,
                                            "selected": false
                                        },
                                        {
                                            "code": "organic",
                                            "name": "Organic",
                                            "count": 1,
                                            "disabled": null,
                                            "selected": false
                                        }
                                    ]
                                }
                            ],
                            "sorts": [
                                {
                                    "code": "recommended",
                                    "name": "Relevance",
                                    "selected": true
                                },
                                {
                                    "code": "price-asc",
                                    "name": "Price (Low to High)",
                                    "selected": false
                                },
                                {
                                    "code": "price-desc",
                                    "name": "Price (High to Low)",
                                    "selected": false
                                },
                                {
                                    "code": "name-asc",
                                    "name": "A-Z (alphabetical)",
                                    "selected": false
                                },
                                {
                                    "code": "newest-desc",
                                    "name": "Newest to Oldest Products",
                                    "selected": false
                                }
                            ],
                            "quickFilters": [
                                {
                                    "name": "Our Brands",
                                    "selected": false,
                                    "filterGroup": {
                                        "code": "productBrand",
                                        "name": "Brand",
                                        "multiSelect": true,
                                        "values": [
                                            {
                                                "code": "P",
                                                "name": "President's Choice",
                                                "count": 1881,
                                                "disabled": null,
                                                "selected": false
                                            },
                                            {
                                                "code": "PCB",
                                                "name": "PC Blue Menu",
                                                "count": 242,
                                                "disabled": null,
                                                "selected": false
                                            },
                                            {
                                                "code": "FM",
                                                "name": "Farmer's Market",
                                                "count": 163,
                                                "disabled": null,
                                                "selected": false
                                            },
                                            {
                                                "code": "PCBL",
                                                "name": "PC Black Label",
                                                "count": 136,
                                                "disabled": null,
                                                "selected": false
                                            },
                                            {
                                                "code": "N",
                                                "name": "No Name",
                                                "count": 708,
                                                "disabled": null,
                                                "selected": false
                                            },
                                            {
                                                "code": "PO",
                                                "name": "PC Organics",
                                                "count": 357,
                                                "disabled": null,
                                                "selected": false
                                            }
                                        ]
                                    }
                                },
                                {
                                    "name": "Deals",
                                    "selected": false,
                                    "filterGroup": {
                                        "code": "promotions",
                                        "name": "Deals",
                                        "multiSelect": true,
                                        "values": [
                                            {
                                                "code": "PC Points",
                                                "name": "PC Optimum Points",
                                                "count": 15350,
                                                "disabled": null,
                                                "selected": false
                                            },
                                            {
                                                "code": "Multi-Buy",
                                                "name": "Multi-Buy",
                                                "count": 3181,
                                                "disabled": null,
                                                "selected": false
                                            },
                                            {
                                                "code": "Price Reduction",
                                                "name": "Price Reduction",
                                                "count": 1350,
                                                "disabled": null,
                                                "selected": false
                                            },
                                            {
                                                "code": "Member Only Price",
                                                "name": "Member Only Price",
                                                "count": 891,
                                                "disabled": null,
                                                "selected": false
                                            },
                                            {
                                                "code": "$1,$2,$3,$4,$5",
                                                "name": "$1,$2,$3,$4,$5",
                                                "count": 628,
                                                "disabled": null,
                                                "selected": false
                                            }
                                        ]
                                    }
                                },
                                {
                                    "name": "Dietary",
                                    "selected": false,
                                    "filterGroup": {
                                        "code": "dietaryCallouts",
                                        "name": "Dietary & Lifestyle",
                                        "multiSelect": true,
                                        "values": [
                                            {
                                                "code": "vegan",
                                                "name": "Vegan",
                                                "count": 1,
                                                "disabled": null,
                                                "selected": false
                                            },
                                            {
                                                "code": "gluten_free",
                                                "name": "Gluten Free",
                                                "count": 1,
                                                "disabled": null,
                                                "selected": false
                                            },
                                            {
                                                "code": "organic",
                                                "name": "Organic",
                                                "count": 1,
                                                "disabled": null,
                                                "selected": false
                                            }
                                        ]
                                    }
                                }
                            ],
                            "adConfiguration1": {
                                "slot": "/21915145997/loblaws-ca/27985",
                                "lazyLoad": false,
                                "refreshTimer": 0,
                                "sizeList": {
                                    "app": [
                                        {
                                            "type": "banner",
                                            "width": "320",
                                            "height": "50"
                                        },
                                        {
                                            "type": "leaderboard",
                                            "width": "728",
                                            "height": "90"
                                        }
                                    ],
                                    "web": {
                                        "mobile": [
                                            [
                                                0.0,
                                                0.0
                                            ],
                                            [
                                                [
                                                    1.0,
                                                    1.0
                                                ],
                                                [
                                                    320.0,
                                                    50.0
                                                ]
                                            ]
                                        ],
                                        "tablet": [
                                            [
                                                768.0,
                                                0.0
                                            ],
                                            [
                                                [
                                                    1.0,
                                                    1.0
                                                ],
                                                [
                                                    728.0,
                                                    90.0
                                                ]
                                            ]
                                        ],
                                        "desktop": [
                                            [
                                                1200.0,
                                                0.0
                                            ],
                                            [
                                                [
                                                    1.0,
                                                    1.0
                                                ],
                                                [
                                                    970.0,
                                                    250.0
                                                ],
                                                [
                                                    728.0,
                                                    90.0
                                                ]
                                            ]
                                        ]
                                    }
                                },
                                "placementType": "plp",
                                "categoryList": "27985",
                                "position": "1",
                                "referrer": null,
                                "shoppingType": "{{shoppingType}}",
                                "brand": null,
                                "productCode": null,
                                "nav": "jf",
                                "forecasting": false,
                                "lazyLoadingTriggerThreshold": 0,
                                "modalDetails": [],
                                "searchTerm": null
                            },
                            "adAlignment1": null,
                            "adConfiguration2": {
                                "slot": "/21915145997/loblaws-ca/27985",
                                "lazyLoad": true,
                                "refreshTimer": 0,
                                "sizeList": {
                                    "web": {
                                        "mobile": [
                                            [
                                                0.0,
                                                0.0
                                            ],
                                            [
                                                [
                                                    1.0,
                                                    1.0
                                                ],
                                                [
                                                    300.0,
                                                    250.0
                                                ],
                                                [
                                                    300.0,
                                                    600.0
                                                ],
                                                [
                                                    160.0,
                                                    600.0
                                                ]
                                            ]
                                        ],
                                        "tablet": [
                                            [
                                                768.0,
                                                0.0
                                            ],
                                            [
                                                [
                                                    1.0,
                                                    1.0
                                                ],
                                                [
                                                    300.0,
                                                    250.0
                                                ],
                                                [
                                                    300.0,
                                                    600.0
                                                ],
                                                [
                                                    160.0,
                                                    600.0
                                                ]
                                            ]
                                        ],
                                        "desktop": [
                                            [
                                                1200.0,
                                                0.0
                                            ],
                                            [
                                                [
                                                    1.0,
                                                    1.0
                                                ],
                                                [
                                                    300.0,
                                                    250.0
                                                ],
                                                [
                                                    300.0,
                                                    600.0
                                                ],
                                                [
                                                    160.0,
                                                    600.0
                                                ]
                                            ]
                                        ]
                                    }
                                },
                                "placementType": "plp",
                                "categoryList": "27985",
                                "position": "CPT",
                                "referrer": null,
                                "shoppingType": "{{shoppingType}}",
                                "brand": null,
                                "productCode": null,
                                "nav": "jf",
                                "forecasting": false,
                                "lazyLoadingTriggerThreshold": 0,
                                "modalDetails": [],
                                "searchTerm": null
                            },
                            "adAlignment2": null,
                            "productGrid": {
                                "pagination": {
                                    "pageNumber": 1,
                                    "pageSize": 48,
                                    "hasMore": true,
                                    "totalResults": 10000
                                },
                                "productTiles": [
                                    {
                                        "productId": "20175355001_KG",
                                        "productImage": [
                                            {
                                                "imageUrl": "https://assets.shop.loblaws.ca/products/20175355001/b2/en/front/20175355001_front_a06_@2.png",
                                                "smallUrl": "https://assets.shop.loblaws.ca/products/20175355001/b1/en/front/20175355001_front_a01_@2.png",
                                                "mediumUrl": "https://assets.shop.loblaws.ca/products/20175355001/b3/en/front/20175355001_front_a06_@2.png",
                                                "largeUrl": "https://assets.shop.loblaws.ca/products/20175355001/b2/en/front/20175355001_front_a06_@2.png",
                                                "smallRetinaUrl": "https://assets.shop.loblaws.ca/products/20175355001/b1/en/front/20175355001_front_a01_@2.png",
                                                "mediumRetinaUrl": "https://assets.shop.loblaws.ca/products/20175355001/b3/en/front/20175355001_front_a06_@2.png",
                                                "largeRetinaUrl": "https://assets.shop.loblaws.ca/products/20175355001/b2/en/front/20175355001_front_a06_@2.png"
                                            }
                                        ],
                                        "brand": null,
                                        "title": "Bananas, Bunch",
                                        "description": "<p>Sold by the bunch.</p><p>Average bunch has 6-8 bananas.</p><p> Bananas are typically 6-10 inches long and have a green peel when unripe. They taste best when the peel turns yellow and is speckled with dark spots. </p>",
                                        "packageSizing": "$1.52/1kg $0.69/1lb",
                                        "pricing": {
                                            "price": "1.75",
                                            "wasPrice": null,
                                            "displayPrice": "about $1.75",
                                            "memberOnlyPrice": null,
                                            "mopDisplayPrice": null
                                        },
                                        "pricingUnits": {
                                            "type": "SOLD_BY_EACH_PRICED_BY_WEIGHT",
                                            "unit": "ea",
                                            "interval": 1,
                                            "minOrderQuantity": 1,
                                            "maxOrderQuantity": 25,
                                            "weighted": false
                                        },
                                        "deal": null,
                                        "mopDeal": null,
                                        "pcoDeal": null,
                                        "inventoryIndicator": null,
                                        "offerType": "OG",
                                        "offerId": "OG",
                                        "action": null,
                                        "isVariant": false,
                                        "link": "/bananas-bunch/p/20175355001_KG",
                                        "productVendor": null,
                                        "productVariant": null,
                                        "textBadge": "",
                                        "variantTheme": null,
                                        "articleNumber": "20175355001",
                                        "uom": "KG",
                                        "sponsoredCreative": null,
                                        "isSponsored": false,
                                        "isComplementarySponsored": false,
                                        "complementarySponsoredBadgeText": null,
                                        "productBadge": null
                                    },
                                    {
                                        "productId": "20070132001_EA",
                                        "productImage": [
                                            {
                                                "imageUrl": "https://assets.shop.loblaws.ca/products/20070132001/b2/en/front/20070132001_front_a06_@2.png",
                                                "smallUrl": "https://assets.shop.loblaws.ca/products/20070132001/b1/en/front/20070132001_front_a01_@2.png",
                                                "mediumUrl": "https://assets.shop.loblaws.ca/products/20070132001/b3/en/front/20070132001_front_a06_@2.png",
                                                "largeUrl": "https://assets.shop.loblaws.ca/products/20070132001/b2/en/front/20070132001_front_a06_@2.png",
                                                "smallRetinaUrl": "https://assets.shop.loblaws.ca/products/20070132001/b1/en/front/20070132001_front_a01_@2.png",
                                                "mediumRetinaUrl": "https://assets.shop.loblaws.ca/products/20070132001/b3/en/front/20070132001_front_a06_@2.png",
                                                "largeRetinaUrl": "https://assets.shop.loblaws.ca/products/20070132001/b2/en/front/20070132001_front_a06_@2.png"
                                            }
                                        ],
                                        "brand": null,
                                        "title": "English Cucumber",
                                        "description": "English (or hothouse) cucumbers are cylindrical green-skinned fruit with a crisp white flesh and edible seeds. English cucumbers are typically enjoyed raw and can be peeled or eaten with the skin on. Add sliced cucumber to your next vegetable platter or toss with mint and lemon juice for a refreshing salad.",
                                        "packageSizing": "1 ea, $1.99/1ea",
                                        "pricing": {
                                            "price": "1.99",
                                            "wasPrice": null,
                                            "displayPrice": "$1.99",
                                            "memberOnlyPrice": null,
                                            "mopDisplayPrice": null
                                        },
                                        "pricingUnits": {
                                            "type": "SOLD_BY_EACH",
                                            "unit": "ea",
                                            "interval": 1,
                                            "minOrderQuantity": 1,
                                            "maxOrderQuantity": 25,
                                            "weighted": false
                                        },
                                        "deal": null,
                                        "mopDeal": null,
                                        "pcoDeal": null,
                                        "inventoryIndicator": null,
                                        "offerType": "OG",
                                        "offerId": "OG",
                                        "action": null,
                                        "isVariant": false,
                                        "link": "/english-cucumber/p/20070132001_EA",
                                        "productVendor": null,
                                        "productVariant": null,
                                        "textBadge": "",
                                        "variantTheme": null,
                                        "articleNumber": "20070132001",
                                        "uom": "EA",
                                        "sponsoredCreative": null,
                                        "isSponsored": false,
                                        "isComplementarySponsored": false,
                                        "complementarySponsoredBadgeText": null,
                                        "productBadge": null
                                    },
                                    {
                                        "productId": "20091825001_EA",
                                        "productImage": [
                                            {
                                                "imageUrl": "https://assets.shop.loblaws.ca/products/20091825001/b2/en/front/20091825001_front_a06_@2.png",
                                                "smallUrl": "https://assets.shop.loblaws.ca/products/20091825001/b1/en/front/20091825001_front_a01_@2.png",
                                                "mediumUrl": "https://assets.shop.loblaws.ca/products/20091825001/b3/en/front/20091825001_front_a06_@2.png",
                                                "largeUrl": "https://assets.shop.loblaws.ca/products/20091825001/b2/en/front/20091825001_front_a06_@2.png",
                                                "smallRetinaUrl": "https://assets.shop.loblaws.ca/products/20091825001/b1/en/front/20091825001_front_a01_@2.png",
                                                "mediumRetinaUrl": "https://assets.shop.loblaws.ca/products/20091825001/b3/en/front/20091825001_front_a06_@2.png",
                                                "largeRetinaUrl": "https://assets.shop.loblaws.ca/products/20091825001/b2/en/front/20091825001_front_a06_@2.png"
                                            }
                                        ],
                                        "brand": null,
                                        "title": "Cilantro",
                                        "description": "Cilantro is the bunched leafy green from the coriander plant. It has a distinctive flavour and fragrance that some describe as \u201csoapy\u201d.  Both the leaves and stems can be used raw or cooked in a variety of dishes. Cilantro works especially well with spicy food. Try it with curry chicken or add some to salsa with a little lime.",
                                        "packageSizing": "1 bunch, $1.69/1ea",
                                        "pricing": {
                                            "price": "1.69",
                                            "wasPrice": null,
                                            "displayPrice": "$1.69",
                                            "memberOnlyPrice": null,
                                            "mopDisplayPrice": null
                                        },
                                        "pricingUnits": {
                                            "type": "SOLD_BY_EACH",
                                            "unit": "ea",
                                            "interval": 1,
                                            "minOrderQuantity": 1,
                                            "maxOrderQuantity": 25,
                                            "weighted": false
                                        },
                                        "deal": null,
                                        "mopDeal": null,
                                        "pcoDeal": null,
                                        "inventoryIndicator": null,
                                        "offerType": "OG",
                                        "offerId": "OG",
                                        "action": null,
                                        "isVariant": false,
                                        "link": "/cilantro/p/20091825001_EA",
                                        "productVendor": null,
                                        "productVariant": null,
                                        "textBadge": "",
                                        "variantTheme": null,
                                        "articleNumber": "20091825001",
                                        "uom": "EA",
                                        "sponsoredCreative": null,
                                        "isSponsored": false,
                                        "isComplementarySponsored": false,
                                        "complementarySponsoredBadgeText": null,
                                        "productBadge": null
                                    },
                                    {
                                        "productId": "20143381001_KG",
                                        "productImage": [
                                            {
                                                "imageUrl": "https://assets.shop.loblaws.ca/products/20143381001/b2/en/front/20143381001_front_a06_@2.png",
                                                "smallUrl": "https://assets.shop.loblaws.ca/products/20143381001/b1/en/front/20143381001_front_a01_@2.png",
                                                "mediumUrl": "https://assets.shop.loblaws.ca/products/20143381001/b3/en/front/20143381001_front_a06_@2.png",
                                                "largeUrl": "https://assets.shop.loblaws.ca/products/20143381001/b2/en/front/20143381001_front_a06_@2.png",
                                                "smallRetinaUrl": "https://assets.shop.loblaws.ca/products/20143381001/b1/en/front/20143381001_front_a01_@2.png",
                                                "mediumRetinaUrl": "https://assets.shop.loblaws.ca/products/20143381001/b3/en/front/20143381001_front_a06_@2.png",
                                                "largeRetinaUrl": "https://assets.shop.loblaws.ca/products/20143381001/b2/en/front/20143381001_front_a06_@2.png"
                                            }
                                        ],
                                        "brand": null,
                                        "title": "Roma Tomatoes",
                                        "description": "Roma (or plum) tomatoes are egg-shaped  and narrow with a thick red skin and meaty texture. Because they have few seeds and a sweet flavour, Roma tomatoes are a popular choice for making tomato paste and sauce. They can also be used raw in salads or roasted for lasagna and pasta.",
                                        "packageSizing": "$6.59/1kg $2.99/1lb",
                                        "pricing": {
                                            "price": "0.79",
                                            "wasPrice": null,
                                            "displayPrice": "about $0.79",
                                            "memberOnlyPrice": null,
                                            "mopDisplayPrice": null
                                        },
                                        "pricingUnits": {
                                            "type": "SOLD_BY_EACH_PRICED_BY_WEIGHT",
                                            "unit": "ea",
                                            "interval": 1,
                                            "minOrderQuantity": 1,
                                            "maxOrderQuantity": 25,
                                            "weighted": false
                                        },
                                        "deal": null,
                                        "mopDeal": null,
                                        "pcoDeal": null,
                                        "inventoryIndicator": null,
                                        "offerType": "OG",
                                        "offerId": "OG",
                                        "action": null,
                                        "isVariant": false,
                                        "link": "/roma-tomatoes/p/20143381001_KG",
                                        "productVendor": null,
                                        "productVariant": null,
                                        "textBadge": "",
                                        "variantTheme": null,
                                        "articleNumber": "20143381001",
                                        "uom": "KG",
                                        "sponsoredCreative": null,
                                        "isSponsored": false,
                                        "isComplementarySponsored": false,
                                        "complementarySponsoredBadgeText": null,
                                        "productBadge": null
                                    },
                                    {
                                        "productId": "20067326001_EA",
                                        "productImage": [
                                            {
                                                "imageUrl": "https://assets.shop.loblaws.ca/products/20067326001/b2/en/front/20067326001_front_a06_@2.png",
                                                "smallUrl": "https://assets.shop.loblaws.ca/products/20067326001/b1/en/front/20067326001_front_a01_@2.png",
                                                "mediumUrl": "https://assets.shop.loblaws.ca/products/20067326001/b3/en/front/20067326001_front_a06_@2.png",
                                                "largeUrl": "https://assets.shop.loblaws.ca/products/20067326001/b2/en/front/20067326001_front_a06_@2.png",
                                                "smallRetinaUrl": "https://assets.shop.loblaws.ca/products/20067326001/b1/en/front/20067326001_front_a01_@2.png",
                                                "mediumRetinaUrl": "https://assets.shop.loblaws.ca/products/20067326001/b3/en/front/20067326001_front_a06_@2.png",
                                                "largeRetinaUrl": "https://assets.shop.loblaws.ca/products/20067326001/b2/en/front/20067326001_front_a06_@2.png"
                                            }
                                        ],
                                        "brand": null,
                                        "title": "Red Seedless Watermelon",
                                        "description": "Average weight is 11 lb.<br>Watermelons come in a variety of shapes and colours, either with seeds or not. They are all sweet and juicy with a crisp flesh and watery texture. Sliced watermelon tastes great on its own, or you can toss watermelon cubes with some feta cheese and fresh mint for a summer salad.",
                                        "packageSizing": "1 ea, $6.99/1ea",
                                        "pricing": {
                                            "price": "6.99",
                                            "wasPrice": "$10.99",
                                            "displayPrice": "$6.99",
                                            "memberOnlyPrice": null,
                                            "mopDisplayPrice": null
                                        },
                                        "pricingUnits": {
                                            "type": "SOLD_BY_EACH",
                                            "unit": "ea",
                                            "interval": 1,
                                            "minOrderQuantity": 1,
                                            "maxOrderQuantity": 25,
                                            "weighted": false
                                        },
                                        "deal": {
                                            "type": "SALE",
                                            "text": "SAVE $4.00",
                                            "points": 0,
                                            "name": "SALE",
                                            "expiryDate": "2024-07-10T00:00:00Z",
                                            "dealPrice": null
                                        },
                                        "mopDeal": null,
                                        "pcoDeal": null,
                                        "inventoryIndicator": null,
                                        "offerType": "OG",
                                        "offerId": "OG",
                                        "action": null,
                                        "isVariant": false,
                                        "link": "/red-seedless-watermelon/p/20067326001_EA",
                                        "productVendor": null,
                                        "productVariant": null,
                                        "textBadge": "",
                                        "variantTheme": null,
                                        "articleNumber": "20067326001",
                                        "uom": "EA",
                                        "sponsoredCreative": null,
                                        "isSponsored": false,
                                        "isComplementarySponsored": false,
                                        "complementarySponsoredBadgeText": null,
                                        "productBadge": null
                                    },
                                    {
                                        "productId": "20179038001_KG",
                                        "productImage": [
                                            {
                                                "imageUrl": "https://assets.shop.loblaws.ca/products/20179038001/b2/en/front/20179038001_front_a06_@2.png",
                                                "smallUrl": "https://assets.shop.loblaws.ca/products/20179038001/b1/en/front/20179038001_front_a01_@2.png",
                                                "mediumUrl": "https://assets.shop.loblaws.ca/products/20179038001/b3/en/front/20179038001_front_a06_@2.png",
                                                "largeUrl": "https://assets.shop.loblaws.ca/products/20179038001/b2/en/front/20179038001_front_a06_@2.png",
                                                "smallRetinaUrl": "https://assets.shop.loblaws.ca/products/20179038001/b1/en/front/20179038001_front_a01_@2.png",
                                                "mediumRetinaUrl": "https://assets.shop.loblaws.ca/products/20179038001/b3/en/front/20179038001_front_a06_@2.png",
                                                "largeRetinaUrl": "https://assets.shop.loblaws.ca/products/20179038001/b2/en/front/20179038001_front_a06_@2.png"
                                            }
                                        ],
                                        "brand": null,
                                        "title": "Ginger",
                                        "description": "Ginger (or gingerroot) has a tough tan skin and a fresh spicy fragrance. Ginger can be grated, slivered, or ground and its peppery flavour is used in a variety of dishes. Dried ground ginger has a very different taste and is not a suitable replacement for fresh. Peel gingerroot and add fresh to dressings and marinades, or cook in a stir-fry or soup.",
                                        "packageSizing": "$8.80/1kg $3.99/1lb",
                                        "pricing": {
                                            "price": "1.85",
                                            "wasPrice": null,
                                            "displayPrice": "about $1.85",
                                            "memberOnlyPrice": null,
                                            "mopDisplayPrice": null
                                        },
                                        "pricingUnits": {
                                            "type": "SOLD_BY_EACH_PRICED_BY_WEIGHT",
                                            "unit": "ea",
                                            "interval": 1,
                                            "minOrderQuantity": 1,
                                            "maxOrderQuantity": 25,
                                            "weighted": false
                                        },
                                        "deal": null,
                                        "mopDeal": null,
                                        "pcoDeal": null,
                                        "inventoryIndicator": null,
                                        "offerType": "OG",
                                        "offerId": "OG",
                                        "action": null,
                                        "isVariant": false,
                                        "link": "/ginger/p/20179038001_KG",
                                        "productVendor": null,
                                        "productVariant": null,
                                        "textBadge": "",
                                        "variantTheme": null,
                                        "articleNumber": "20179038001",
                                        "uom": "KG",
                                        "sponsoredCreative": null,
                                        "isSponsored": false,
                                        "isComplementarySponsored": false,
                                        "complementarySponsoredBadgeText": null,
                                        "productBadge": null
                                    },
                                    {
                                        "productId": "20159690001_KG",
                                        "productImage": [
                                            {
                                                "imageUrl": "https://assets.shop.loblaws.ca/products/20159690001/b2/en/front/20159690001_front_a06_@2.png",
                                                "smallUrl": "https://assets.shop.loblaws.ca/products/20159690001/b1/en/front/20159690001_front_a01_@2.png",
                                                "mediumUrl": "https://assets.shop.loblaws.ca/products/20159690001/b3/en/front/20159690001_front_a06_@2.png",
                                                "largeUrl": "https://assets.shop.loblaws.ca/products/20159690001/b2/en/front/20159690001_front_a06_@2.png",
                                                "smallRetinaUrl": "https://assets.shop.loblaws.ca/products/20159690001/b1/en/front/20159690001_front_a01_@2.png",
                                                "mediumRetinaUrl": "https://assets.shop.loblaws.ca/products/20159690001/b3/en/front/20159690001_front_a06_@2.png",
                                                "largeRetinaUrl": "https://assets.shop.loblaws.ca/products/20159690001/b2/en/front/20159690001_front_a06_@2.png"
                                            }
                                        ],
                                        "brand": null,
                                        "title": "Red Cherries",
                                        "description": "Cherries are firm, juicy, and sweet and turn from dark red to almost black when fully ripe. Cherries are excellent in salads and a classic choice for a freshly baked pie. You can also poach cherries to use as a topping for yogurt or waffles.",
                                        "packageSizing": "$5.38/1kg $2.44/1lb",
                                        "pricing": {
                                            "price": "4.79",
                                            "wasPrice": "$17.64",
                                            "displayPrice": "about $4.79",
                                            "memberOnlyPrice": null,
                                            "mopDisplayPrice": null
                                        },
                                        "pricingUnits": {
                                            "type": "SOLD_BY_EACH_PRICED_BY_WEIGHT",
                                            "unit": "ea",
                                            "interval": 1,
                                            "minOrderQuantity": 1,
                                            "maxOrderQuantity": 25,
                                            "weighted": false
                                        },
                                        "deal": {
                                            "type": "SALE",
                                            "text": "SAVE $12.85",
                                            "points": 0,
                                            "name": "SALE",
                                            "expiryDate": "2024-07-10T00:00:00Z",
                                            "dealPrice": null
                                        },
                                        "mopDeal": null,
                                        "pcoDeal": null,
                                        "inventoryIndicator": null,
                                        "offerType": "OG",
                                        "offerId": "OG",
                                        "action": null,
                                        "isVariant": false,
                                        "link": "/red-cherries/p/20159690001_KG",
                                        "productVendor": null,
                                        "productVariant": null,
                                        "textBadge": "",
                                        "variantTheme": null,
                                        "articleNumber": "20159690001",
                                        "uom": "KG",
                                        "sponsoredCreative": null,
                                        "isSponsored": false,
                                        "isComplementarySponsored": false,
                                        "complementarySponsoredBadgeText": null,
                                        "productBadge": null
                                    },
                                    {
                                        "productId": "21004355001_EA",
                                        "productImage": [
                                            {
                                                "imageUrl": "https://assets.shop.loblaws.ca/products/21004355001/b2/en/front/21004355001_front_a06_@2.png",
                                                "smallUrl": "https://assets.shop.loblaws.ca/products/21004355001/b1/en/front/21004355001_front_a01_@2.png",
                                                "mediumUrl": "https://assets.shop.loblaws.ca/products/21004355001/b3/en/front/21004355001_front_a06_@2.png",
                                                "largeUrl": "https://assets.shop.loblaws.ca/products/21004355001/b2/en/front/21004355001_front_a06_@2.png",
                                                "smallRetinaUrl": "https://assets.shop.loblaws.ca/products/21004355001/b1/en/front/21004355001_front_a01_@2.png",
                                                "mediumRetinaUrl": "https://assets.shop.loblaws.ca/products/21004355001/b3/en/front/21004355001_front_a06_@2.png",
                                                "largeRetinaUrl": "https://assets.shop.loblaws.ca/products/21004355001/b2/en/front/21004355001_front_a06_@2.png"
                                            },
                                            {
                                                "imageUrl": "https://assets.shop.loblaws.ca/products/21004355001/b2/en/angle/21004355001_angle_a06_@2.png",
                                                "smallUrl": "https://assets.shop.loblaws.ca/products/21004355001/b1/en/angle/21004355001_angle_a01_@2.png",
                                                "mediumUrl": "https://assets.shop.loblaws.ca/products/21004355001/b3/en/angle/21004355001_angle_a06_@2.png",
                                                "largeUrl": "https://assets.shop.loblaws.ca/products/21004355001/b2/en/angle/21004355001_angle_a06_@2.png",
                                                "smallRetinaUrl": "https://assets.shop.loblaws.ca/products/21004355001/b1/en/angle/21004355001_angle_a01_@2.png",
                                                "mediumRetinaUrl": "https://assets.shop.loblaws.ca/products/21004355001/b3/en/angle/21004355001_angle_a06_@2.png",
                                                "largeRetinaUrl": "https://assets.shop.loblaws.ca/products/21004355001/b2/en/angle/21004355001_angle_a06_@2.png"
                                            }
                                        ],
                                        "brand": "Rooster",
                                        "title": "Garlic Bulbs, 3-count",
                                        "description": "<p>Don't forget to add Garlic Bulbs to your weekly shopping list. The pack includes 3 bulbs, so you'll always be prepared when you make soups, stews, pizza, or your favourite stir fry.</p>",
                                        "packageSizing": "90 g, $0.33/1ea",
                                        "pricing": {
                                            "price": "0.99",
                                            "wasPrice": null,
                                            "displayPrice": "$0.99",
                                            "memberOnlyPrice": null,
                                            "mopDisplayPrice": null
                                        },
                                        "pricingUnits": {
                                            "type": "SOLD_BY_EACH",
                                            "unit": "ea",
                                            "interval": 1,
                                            "minOrderQuantity": 1,
                                            "maxOrderQuantity": 25,
                                            "weighted": false
                                        },
                                        "deal": null,
                                        "mopDeal": null,
                                        "pcoDeal": null,
                                        "inventoryIndicator": null,
                                        "offerType": "OG",
                                        "offerId": "OG",
                                        "action": null,
                                        "isVariant": false,
                                        "link": "/garlic-bulbs-3-count/p/21004355001_EA",
                                        "productVendor": null,
                                        "productVariant": null,
                                        "textBadge": "",
                                        "variantTheme": null,
                                        "articleNumber": "21004355001",
                                        "uom": "EA",
                                        "sponsoredCreative": null,
                                        "isSponsored": false,
                                        "isComplementarySponsored": false,
                                        "complementarySponsoredBadgeText": null,
                                        "productBadge": null
                                    },
                                    {
                                        "productId": "20812144001_EA",
                                        "productImage": [
                                            {
                                                "imageUrl": "https://assets.shop.loblaws.ca/products/20812144001/b2/en/front/20812144001_front_a06_@2.png",
                                                "smallUrl": "https://assets.shop.loblaws.ca/products/20812144001/b1/en/front/20812144001_front_a01_@2.png",
                                                "mediumUrl": "https://assets.shop.loblaws.ca/products/20812144001/b3/en/front/20812144001_front_a06_@2.png",
                                                "largeUrl": "https://assets.shop.loblaws.ca/products/20812144001/b2/en/front/20812144001_front_a06_@2.png",
                                                "smallRetinaUrl": "https://assets.shop.loblaws.ca/products/20812144001/b1/en/front/20812144001_front_a01_@2.png",
                                                "mediumRetinaUrl": "https://assets.shop.loblaws.ca/products/20812144001/b3/en/front/20812144001_front_a06_@2.png",
                                                "largeRetinaUrl": "https://assets.shop.loblaws.ca/products/20812144001/b2/en/front/20812144001_front_a06_@2.png"
                                            }
                                        ],
                                        "brand": "No Name",
                                        "title": "Large Grade A Eggs",
                                        "description": "Eggs range in size (extra-large, large, medium, etc.) and their shells are either white or brown, depending on the breed of the hen. Crack the thin, protective shell against the edge of a bowl (with one hand, if you want to impress your friends) and use the yolk and egg white inside for your favourite breakfast recipes and desserts.",
                                        "packageSizing": "12 ea, $0.32/1ea",
                                        "pricing": {
                                            "price": "3.88",
                                            "wasPrice": null,
                                            "displayPrice": "$3.88",
                                            "memberOnlyPrice": null,
                                            "mopDisplayPrice": null
                                        },
                                        "pricingUnits": {
                                            "type": "SOLD_BY_EACH",
                                            "unit": "ea",
                                            "interval": 1,
                                            "minOrderQuantity": 1,
                                            "maxOrderQuantity": 25,
                                            "weighted": false
                                        },
                                        "deal": null,
                                        "mopDeal": null,
                                        "pcoDeal": null,
                                        "inventoryIndicator": null,
                                        "offerType": "OG",
                                        "offerId": "OG",
                                        "action": null,
                                        "isVariant": false,
                                        "link": "/large-grade-a-eggs/p/20812144001_EA",
                                        "productVendor": null,
                                        "productVariant": null,
                                        "textBadge": "",
                                        "variantTheme": null,
                                        "articleNumber": "20812144001",
                                        "uom": "EA",
                                        "sponsoredCreative": null,
                                        "isSponsored": false,
                                        "isComplementarySponsored": false,
                                        "complementarySponsoredBadgeText": null,
                                        "productBadge": null
                                    },
                                    {
                                        "productId": "20080137001_EA",
                                        "productImage": [
                                            {
                                                "imageUrl": "https://assets.shop.loblaws.ca/products/20080137001/b2/en/front/20080137001_front_a06_@2.png",
                                                "smallUrl": "https://assets.shop.loblaws.ca/products/20080137001/b1/en/front/20080137001_front_a01_@2.png",
                                                "mediumUrl": "https://assets.shop.loblaws.ca/products/20080137001/b3/en/front/20080137001_front_a06_@2.png",
                                                "largeUrl": "https://assets.shop.loblaws.ca/products/20080137001/b2/en/front/20080137001_front_a06_@2.png",
                                                "smallRetinaUrl": "https://assets.shop.loblaws.ca/products/20080137001/b1/en/front/20080137001_front_a01_@2.png",
                                                "mediumRetinaUrl": "https://assets.shop.loblaws.ca/products/20080137001/b3/en/front/20080137001_front_a06_@2.png",
                                                "largeRetinaUrl": "https://assets.shop.loblaws.ca/products/20080137001/b2/en/front/20080137001_front_a06_@2.png"
                                            }
                                        ],
                                        "brand": null,
                                        "title": "Blueberries 1 pint",
                                        "description": "Blueberries range in colour from a deep purple-blue to a blue-black, both with a silvery sheen called bloom. Sweeten your morning by sprinkling blueberries on your cereal or pancakes, or add blueberries to a spinach salad with pecans and blue cheese.",
                                        "packageSizing": "340 g, $1.47/100g",
                                        "pricing": {
                                            "price": "4.99",
                                            "wasPrice": null,
                                            "displayPrice": "$4.99",
                                            "memberOnlyPrice": null,
                                            "mopDisplayPrice": null
                                        },
                                        "pricingUnits": {
                                            "type": "SOLD_BY_EACH",
                                            "unit": "ea",
                                            "interval": 1,
                                            "minOrderQuantity": 1,
                                            "maxOrderQuantity": 25,
                                            "weighted": false
                                        },
                                        "deal": null,
                                        "mopDeal": null,
                                        "pcoDeal": null,
                                        "inventoryIndicator": null,
                                        "offerType": "OG",
                                        "offerId": "OG",
                                        "action": null,
                                        "isVariant": false,
                                        "link": "/blueberries-1-pint/p/20080137001_EA",
                                        "productVendor": null,
                                        "productVariant": null,
                                        "textBadge": "",
                                        "variantTheme": null,
                                        "articleNumber": "20080137001",
                                        "uom": "EA",
                                        "sponsoredCreative": null,
                                        "isSponsored": false,
                                        "isComplementarySponsored": false,
                                        "complementarySponsoredBadgeText": null,
                                        "productBadge": null
                                    },
                                    {
                                        "productId": "20107500001_EA",
                                        "productImage": [
                                            {
                                                "imageUrl": "https://assets.shop.loblaws.ca/products/20107500001/b2/en/front/20107500001_front_a06_@2.png",
                                                "smallUrl": "https://assets.shop.loblaws.ca/products/20107500001/b1/en/front/20107500001_front_a01_@2.png",
                                                "mediumUrl": "https://assets.shop.loblaws.ca/products/20107500001/b3/en/front/20107500001_front_a06_@2.png",
                                                "largeUrl": "https://assets.shop.loblaws.ca/products/20107500001/b2/en/front/20107500001_front_a06_@2.png",
                                                "smallRetinaUrl": "https://assets.shop.loblaws.ca/products/20107500001/b1/en/front/20107500001_front_a01_@2.png",
                                                "mediumRetinaUrl": "https://assets.shop.loblaws.ca/products/20107500001/b3/en/front/20107500001_front_a06_@2.png",
                                                "largeRetinaUrl": "https://assets.shop.loblaws.ca/products/20107500001/b2/en/front/20107500001_front_a06_@2.png"
                                            }
                                        ],
                                        "brand": null,
                                        "title": "Green Onion",
                                        "description": "Green onions have a firm white base with a small rounded bulb and crisp bright green tops. Scallions are similar but have a straighter white base and slightly milder flavour. Chop fresh green onions for salads or pair with mushrooms for a tart or omelette.",
                                        "packageSizing": "1 bunch, $1.99/1ea",
                                        "pricing": {
                                            "price": "1.99",
                                            "wasPrice": null,
                                            "displayPrice": "$1.99",
                                            "memberOnlyPrice": null,
                                            "mopDisplayPrice": null
                                        },
                                        "pricingUnits": {
                                            "type": "SOLD_BY_EACH",
                                            "unit": "ea",
                                            "interval": 1,
                                            "minOrderQuantity": 1,
                                            "maxOrderQuantity": 25,
                                            "weighted": false
                                        },
                                        "deal": null,
                                        "mopDeal": null,
                                        "pcoDeal": null,
                                        "inventoryIndicator": null,
                                        "offerType": "OG",
                                        "offerId": "OG",
                                        "action": null,
                                        "isVariant": false,
                                        "link": "/green-onion/p/20107500001_EA",
                                        "productVendor": null,
                                        "productVariant": null,
                                        "textBadge": "",
                                        "variantTheme": null,
                                        "articleNumber": "20107500001",
                                        "uom": "EA",
                                        "sponsoredCreative": null,
                                        "isSponsored": false,
                                        "isComplementarySponsored": false,
                                        "complementarySponsoredBadgeText": null,
                                        "productBadge": null
                                    },
                                    {
                                        "productId": "20059635001_EA",
                                        "productImage": [
                                            {
                                                "imageUrl": "https://assets.shop.loblaws.ca/products/20059635001/b2/en/front/20059635001_front_a06_@2.png",
                                                "smallUrl": "https://assets.shop.loblaws.ca/products/20059635001/b1/en/front/20059635001_front_a01_@2.png",
                                                "mediumUrl": "https://assets.shop.loblaws.ca/products/20059635001/b3/en/front/20059635001_front_a06_@2.png",
                                                "largeUrl": "https://assets.shop.loblaws.ca/products/20059635001/b2/en/front/20059635001_front_a06_@2.png",
                                                "smallRetinaUrl": "https://assets.shop.loblaws.ca/products/20059635001/b1/en/front/20059635001_front_a01_@2.png",
                                                "mediumRetinaUrl": "https://assets.shop.loblaws.ca/products/20059635001/b3/en/front/20059635001_front_a06_@2.png",
                                                "largeRetinaUrl": "https://assets.shop.loblaws.ca/products/20059635001/b2/en/front/20059635001_front_a06_@2.png"
                                            }
                                        ],
                                        "brand": null,
                                        "title": "Mango",
                                        "description": "Mangoes have a firm, fibrous orange flesh and sweet flavour. Their skin is typically greenish-yellow with a red blush covering most of it, but colour isn\u2019t a reliable way of way of testing for ripeness. Instead, squeeze the mango gently. If it\u2019s ripe it will give slightly. Enjoy mango on its own, in fruit salad, or chutney.",
                                        "packageSizing": "1 ea, $0.99/1ea",
                                        "pricing": {
                                            "price": "0.99",
                                            "wasPrice": "$2.99",
                                            "displayPrice": "$0.99",
                                            "memberOnlyPrice": null,
                                            "mopDisplayPrice": null
                                        },
                                        "pricingUnits": {
                                            "type": "SOLD_BY_EACH",
                                            "unit": "ea",
                                            "interval": 1,
                                            "minOrderQuantity": 1,
                                            "maxOrderQuantity": 25,
                                            "weighted": false
                                        },
                                        "deal": {
                                            "type": "SALE",
                                            "text": "SAVE $2.00",
                                            "points": 0,
                                            "name": "SALE",
                                            "expiryDate": "2024-07-10T00:00:00Z",
                                            "dealPrice": null
                                        },
                                        "mopDeal": null,
                                        "pcoDeal": null,
                                        "inventoryIndicator": null,
                                        "offerType": "OG",
                                        "offerId": "OG",
                                        "action": null,
                                        "isVariant": false,
                                        "link": "/mango/p/20059635001_EA",
                                        "productVendor": null,
                                        "productVariant": null,
                                        "textBadge": "",
                                        "variantTheme": null,
                                        "articleNumber": "20059635001",
                                        "uom": "EA",
                                        "sponsoredCreative": null,
                                        "isSponsored": false,
                                        "isComplementarySponsored": false,
                                        "complementarySponsoredBadgeText": null,
                                        "productBadge": null
                                    },
                                    {
                                        "productId": "20026703001_KG",
                                        "productImage": [
                                            {
                                                "imageUrl": "https://assets.shop.loblaws.ca/products/20026703001/b2/en/front/20026703001_front_a06_@2.png",
                                                "smallUrl": "https://assets.shop.loblaws.ca/products/20026703001/b1/en/front/20026703001_front_a01_@2.png",
                                                "mediumUrl": "https://assets.shop.loblaws.ca/products/20026703001/b3/en/front/20026703001_front_a06_@2.png",
                                                "largeUrl": "https://assets.shop.loblaws.ca/products/20026703001/b2/en/front/20026703001_front_a06_@2.png",
                                                "smallRetinaUrl": "https://assets.shop.loblaws.ca/products/20026703001/b1/en/front/20026703001_front_a01_@2.png",
                                                "mediumRetinaUrl": "https://assets.shop.loblaws.ca/products/20026703001/b3/en/front/20026703001_front_a06_@2.png",
                                                "largeRetinaUrl": "https://assets.shop.loblaws.ca/products/20026703001/b2/en/front/20026703001_front_a06_@2.png"
                                            }
                                        ],
                                        "brand": null,
                                        "title": "Tomato On The Vine Red (1 Bunch)",
                                        "description": "*Average Vine has 3-5 Tomatoes  Vine tomatoes are typically sold in clusters attached to a fresh green vine. Because they are a little softer and juicier than other varieties, vine tomatoes are excellent when used fresh in salads, but they can also be roasted or used in many tomato-based recipes.",
                                        "packageSizing": "$4.39/1kg $1.99/1lb",
                                        "pricing": {
                                            "price": "3.12",
                                            "wasPrice": null,
                                            "displayPrice": "about $3.12",
                                            "memberOnlyPrice": null,
                                            "mopDisplayPrice": null
                                        },
                                        "pricingUnits": {
                                            "type": "SOLD_BY_EACH_PRICED_BY_WEIGHT",
                                            "unit": "ea",
                                            "interval": 1,
                                            "minOrderQuantity": 1,
                                            "maxOrderQuantity": 25,
                                            "weighted": false
                                        },
                                        "deal": null,
                                        "mopDeal": null,
                                        "pcoDeal": null,
                                        "inventoryIndicator": null,
                                        "offerType": "OG",
                                        "offerId": "OG",
                                        "action": null,
                                        "isVariant": false,
                                        "link": "/tomato-on-the-vine-red-1-bunch/p/20026703001_KG",
                                        "productVendor": null,
                                        "productVariant": null,
                                        "textBadge": "",
                                        "variantTheme": null,
                                        "articleNumber": "20026703001",
                                        "uom": "KG",
                                        "sponsoredCreative": null,
                                        "isSponsored": false,
                                        "isComplementarySponsored": false,
                                        "complementarySponsoredBadgeText": null,
                                        "productBadge": null
                                    },
                                    {
                                        "productId": "20426141001_KG",
                                        "productImage": [
                                            {
                                                "imageUrl": "https://assets.shop.loblaws.ca/products/20426141001/b2/en/front/20426141001_front_a06_@2.png",
                                                "smallUrl": "https://assets.shop.loblaws.ca/products/20426141001/b1/en/front/20426141001_front_a01_@2.png",
                                                "mediumUrl": "https://assets.shop.loblaws.ca/products/20426141001/b3/en/front/20426141001_front_a06_@2.png",
                                                "largeUrl": "https://assets.shop.loblaws.ca/products/20426141001/b2/en/front/20426141001_front_a06_@2.png",
                                                "smallRetinaUrl": "https://assets.shop.loblaws.ca/products/20426141001/b1/en/front/20426141001_front_a01_@2.png",
                                                "mediumRetinaUrl": "https://assets.shop.loblaws.ca/products/20426141001/b3/en/front/20426141001_front_a06_@2.png",
                                                "largeRetinaUrl": "https://assets.shop.loblaws.ca/products/20426141001/b2/en/front/20426141001_front_a06_@2.png"
                                            }
                                        ],
                                        "brand": null,
                                        "title": "Tomato Beefsteak  Red",
                                        "description": "Greenhouse tomatoes are firm and plump with a red skin when ripe. They are perfect sliced and used as a topping on burgers and sandwiches like the classic BLT. Or scoop out the pulp and seeds to make baked stuffed tomatoes.",
                                        "packageSizing": "$4.39/1kg $1.99/1lb",
                                        "pricing": {
                                            "price": "1.18",
                                            "wasPrice": "$1.47",
                                            "displayPrice": "about $1.18",
                                            "memberOnlyPrice": null,
                                            "mopDisplayPrice": null
                                        },
                                        "pricingUnits": {
                                            "type": "SOLD_BY_EACH_PRICED_BY_WEIGHT",
                                            "unit": "ea",
                                            "interval": 1,
                                            "minOrderQuantity": 1,
                                            "maxOrderQuantity": 25,
                                            "weighted": false
                                        },
                                        "deal": {
                                            "type": "SALE",
                                            "text": "SAVE $0.29",
                                            "points": 0,
                                            "name": "SALE",
                                            "expiryDate": "2024-07-10T00:00:00Z",
                                            "dealPrice": null
                                        },
                                        "mopDeal": null,
                                        "pcoDeal": null,
                                        "inventoryIndicator": null,
                                        "offerType": "OG",
                                        "offerId": "OG",
                                        "action": null,
                                        "isVariant": false,
                                        "link": "/tomato-beefsteak-red/p/20426141001_KG",
                                        "productVendor": null,
                                        "productVariant": null,
                                        "textBadge": "",
                                        "variantTheme": null,
                                        "articleNumber": "20426141001",
                                        "uom": "KG",
                                        "sponsoredCreative": null,
                                        "isSponsored": false,
                                        "isComplementarySponsored": false,
                                        "complementarySponsoredBadgeText": null,
                                        "productBadge": null
                                    },
                                    {
                                        "productId": "20159199001_KG",
                                        "productImage": [
                                            {
                                                "imageUrl": "https://assets.shop.loblaws.ca/products/20159199001/b2/en/front/20159199001_front_a06_@2.png",
                                                "smallUrl": "https://assets.shop.loblaws.ca/products/20159199001/b1/en/front/20159199001_front_a01_@2.png",
                                                "mediumUrl": "https://assets.shop.loblaws.ca/products/20159199001/b3/en/front/20159199001_front_a06_@2.png",
                                                "largeUrl": "https://assets.shop.loblaws.ca/products/20159199001/b2/en/front/20159199001_front_a06_@2.png",
                                                "smallRetinaUrl": "https://assets.shop.loblaws.ca/products/20159199001/b1/en/front/20159199001_front_a01_@2.png",
                                                "mediumRetinaUrl": "https://assets.shop.loblaws.ca/products/20159199001/b3/en/front/20159199001_front_a06_@2.png",
                                                "largeRetinaUrl": "https://assets.shop.loblaws.ca/products/20159199001/b2/en/front/20159199001_front_a06_@2.png"
                                            },
                                            {
                                                "imageUrl": "https://assets.shop.loblaws.ca/products/20159199001/b2/en/angle/20159199001_angle_a06_@2.png",
                                                "smallUrl": "https://assets.shop.loblaws.ca/products/20159199001/b1/en/angle/20159199001_angle_a01_@2.png",
                                                "mediumUrl": "https://assets.shop.loblaws.ca/products/20159199001/b3/en/angle/20159199001_angle_a06_@2.png",
                                                "largeUrl": "https://assets.shop.loblaws.ca/products/20159199001/b2/en/angle/20159199001_angle_a06_@2.png",
                                                "smallRetinaUrl": "https://assets.shop.loblaws.ca/products/20159199001/b1/en/angle/20159199001_angle_a01_@2.png",
                                                "mediumRetinaUrl": "https://assets.shop.loblaws.ca/products/20159199001/b3/en/angle/20159199001_angle_a06_@2.png",
                                                "largeRetinaUrl": "https://assets.shop.loblaws.ca/products/20159199001/b2/en/angle/20159199001_angle_a06_@2.png"
                                            },
                                            {
                                                "imageUrl": "https://assets.shop.loblaws.ca/products/20159199001/b2/en/side/20159199001_side_a06_@2.png",
                                                "smallUrl": "https://assets.shop.loblaws.ca/products/20159199001/b1/en/side/20159199001_side_a01_@2.png",
                                                "mediumUrl": "https://assets.shop.loblaws.ca/products/20159199001/b3/en/side/20159199001_side_a06_@2.png",
                                                "largeUrl": "https://assets.shop.loblaws.ca/products/20159199001/b2/en/side/20159199001_side_a06_@2.png",
                                                "smallRetinaUrl": "https://assets.shop.loblaws.ca/products/20159199001/b1/en/side/20159199001_side_a01_@2.png",
                                                "mediumRetinaUrl": "https://assets.shop.loblaws.ca/products/20159199001/b3/en/side/20159199001_side_a06_@2.png",
                                                "largeRetinaUrl": "https://assets.shop.loblaws.ca/products/20159199001/b2/en/side/20159199001_side_a06_@2.png"
                                            },
                                            {
                                                "imageUrl": "https://assets.shop.loblaws.ca/products/20159199001/b2/en/top/20159199001_top_a06_@2.png",
                                                "smallUrl": "https://assets.shop.loblaws.ca/products/20159199001/b1/en/top/20159199001_top_a01_@2.png",
                                                "mediumUrl": "https://assets.shop.loblaws.ca/products/20159199001/b3/en/top/20159199001_top_a06_@2.png",
                                                "largeUrl": "https://assets.shop.loblaws.ca/products/20159199001/b2/en/top/20159199001_top_a06_@2.png",
                                                "smallRetinaUrl": "https://assets.shop.loblaws.ca/products/20159199001/b1/en/top/20159199001_top_a01_@2.png",
                                                "mediumRetinaUrl": "https://assets.shop.loblaws.ca/products/20159199001/b3/en/top/20159199001_top_a06_@2.png",
                                                "largeRetinaUrl": "https://assets.shop.loblaws.ca/products/20159199001/b2/en/top/20159199001_top_a06_@2.png"
                                            }
                                        ],
                                        "brand": null,
                                        "title": "Extra Large Red Seedless Grapes",
                                        "description": "<p>Red grapes, such as the popular Flame and Ruby varieties, should be plump and firmly attached to green stems. Fresh grapes have a silver-white bloom covering them. Use red seedless grapes to garnish your cheese tray or simply enjoy them on their own as a snack. </p><p>Our PC grape collection strives to source the highest flavour grape varieties from exceptional growers across the world. We strive to bring our customers the best eating experience each season, and are always looking for new great tasting varieties to expand our collection.  These grapes come in Sweet Celebration (temptingly sweet, distinctively crisp), Magenta (sweet cherry-muscat flavour), Scarlotta Seedless (sweet and aromatic with low acidity). </p><p>Please include your varietal preference in the comment section at checkout. If your preference is not available in-store, we will pick the freshest variety that is available. Varieties and branding vary by store and season. </p>",
                                        "packageSizing": "$8.80/1kg $3.99/1lb",
                                        "pricing": {
                                            "price": "8.71",
                                            "wasPrice": null,
                                            "displayPrice": "about $8.71",
                                            "memberOnlyPrice": null,
                                            "mopDisplayPrice": null
                                        },
                                        "pricingUnits": {
                                            "type": "SOLD_BY_EACH_PRICED_BY_WEIGHT",
                                            "unit": "ea",
                                            "interval": 1,
                                            "minOrderQuantity": 1,
                                            "maxOrderQuantity": 25,
                                            "weighted": false
                                        },
                                        "deal": null,
                                        "mopDeal": null,
                                        "pcoDeal": null,
                                        "inventoryIndicator": null,
                                        "offerType": "OG",
                                        "offerId": "OG",
                                        "action": null,
                                        "isVariant": false,
                                        "link": "/extra-large-red-seedless-grapes/p/20159199001_KG",
                                        "productVendor": null,
                                        "productVariant": null,
                                        "textBadge": "",
                                        "variantTheme": null,
                                        "articleNumber": "20159199001",
                                        "uom": "KG",
                                        "sponsoredCreative": null,
                                        "isSponsored": false,
                                        "isComplementarySponsored": false,
                                        "complementarySponsoredBadgeText": null,
                                        "productBadge": null
                                    },
                                    {
                                        "productId": "20174581001_KG",
                                        "productImage": [
                                            {
                                                "imageUrl": "https://assets.shop.loblaws.ca/products/20174581001/b2/en/front/20174581001_front_a06_@2.png",
                                                "smallUrl": "https://assets.shop.loblaws.ca/products/20174581001/b1/en/front/20174581001_front_a01_@2.png",
                                                "mediumUrl": "https://assets.shop.loblaws.ca/products/20174581001/b3/en/front/20174581001_front_a06_@2.png",
                                                "largeUrl": "https://assets.shop.loblaws.ca/products/20174581001/b2/en/front/20174581001_front_a06_@2.png",
                                                "smallRetinaUrl": "https://assets.shop.loblaws.ca/products/20174581001/b1/en/front/20174581001_front_a01_@2.png",
                                                "mediumRetinaUrl": "https://assets.shop.loblaws.ca/products/20174581001/b3/en/front/20174581001_front_a06_@2.png",
                                                "largeRetinaUrl": "https://assets.shop.loblaws.ca/products/20174581001/b2/en/front/20174581001_front_a06_@2.png"
                                            }
                                        ],
                                        "brand": null,
                                        "title": "Asparagus",
                                        "description": "Asparagus stalks range in colour from green to purple, with dark green or purplish tips. Thickness is not a reliable indicator of tenderness, and asparagus is best enjoyed the day of purchase.",
                                        "packageSizing": "$15.41/1kg $6.99/1lb",
                                        "pricing": {
                                            "price": "9.09",
                                            "wasPrice": null,
                                            "displayPrice": "about $9.09",
                                            "memberOnlyPrice": null,
                                            "mopDisplayPrice": null
                                        },
                                        "pricingUnits": {
                                            "type": "SOLD_BY_EACH_PRICED_BY_WEIGHT",
                                            "unit": "ea",
                                            "interval": 1,
                                            "minOrderQuantity": 1,
                                            "maxOrderQuantity": 25,
                                            "weighted": false
                                        },
                                        "deal": null,
                                        "mopDeal": null,
                                        "pcoDeal": null,
                                        "inventoryIndicator": null,
                                        "offerType": "OG",
                                        "offerId": "OG",
                                        "action": null,
                                        "isVariant": false,
                                        "link": "/asparagus/p/20174581001_KG",
                                        "productVendor": null,
                                        "productVariant": null,
                                        "textBadge": "",
                                        "variantTheme": null,
                                        "articleNumber": "20174581001",
                                        "uom": "KG",
                                        "sponsoredCreative": null,
                                        "isSponsored": false,
                                        "isComplementarySponsored": false,
                                        "complementarySponsoredBadgeText": null,
                                        "productBadge": null
                                    },
                                    {
                                        "productId": "20067389001_EA",
                                        "productImage": [
                                            {
                                                "imageUrl": "https://assets.shop.loblaws.ca/products/20067389001/b2/en/front/20067389001_front_a06_@2.png",
                                                "smallUrl": "https://assets.shop.loblaws.ca/products/20067389001/b1/en/front/20067389001_front_a01_@2.png",
                                                "mediumUrl": "https://assets.shop.loblaws.ca/products/20067389001/b3/en/front/20067389001_front_a06_@2.png",
                                                "largeUrl": "https://assets.shop.loblaws.ca/products/20067389001/b2/en/front/20067389001_front_a06_@2.png",
                                                "smallRetinaUrl": "https://assets.shop.loblaws.ca/products/20067389001/b1/en/front/20067389001_front_a01_@2.png",
                                                "mediumRetinaUrl": "https://assets.shop.loblaws.ca/products/20067389001/b3/en/front/20067389001_front_a06_@2.png",
                                                "largeRetinaUrl": "https://assets.shop.loblaws.ca/products/20067389001/b2/en/front/20067389001_front_a06_@2.png"
                                            }
                                        ],
                                        "brand": null,
                                        "title": "Romaine Heart, 3 Pack",
                                        "description": "Romaine hearts are the yellowish leaves in the centre of romaine lettuce. Romaine hearts are smaller and sweeter than romaine bunches and can be enjoyed fresh or cooked. Use romaine hearts to make a classic Caesar salad or as a topping for burgers and sandwiches.",
                                        "packageSizing": "3 pack, $0.83/1ea",
                                        "pricing": {
                                            "price": "2.49",
                                            "wasPrice": "$5.99",
                                            "displayPrice": "$2.49",
                                            "memberOnlyPrice": null,
                                            "mopDisplayPrice": null
                                        },
                                        "pricingUnits": {
                                            "type": "SOLD_BY_EACH",
                                            "unit": "ea",
                                            "interval": 1,
                                            "minOrderQuantity": 1,
                                            "maxOrderQuantity": 25,
                                            "weighted": false
                                        },
                                        "deal": {
                                            "type": "SALE",
                                            "text": "SAVE $3.50",
                                            "points": 0,
                                            "name": "SALE",
                                            "expiryDate": "2024-07-10T00:00:00Z",
                                            "dealPrice": null
                                        },
                                        "mopDeal": null,
                                        "pcoDeal": null,
                                        "inventoryIndicator": null,
                                        "offerType": "OG",
                                        "offerId": "OG",
                                        "action": null,
                                        "isVariant": false,
                                        "link": "/romaine-heart-3-pack/p/20067389001_EA",
                                        "productVendor": null,
                                        "productVariant": null,
                                        "textBadge": "",
                                        "variantTheme": null,
                                        "articleNumber": "20067389001",
                                        "uom": "EA",
                                        "sponsoredCreative": null,
                                        "isSponsored": false,
                                        "isComplementarySponsored": false,
                                        "complementarySponsoredBadgeText": null,
                                        "productBadge": null
                                    },
                                    {
                                        "productId": "20135581001_KG",
                                        "productImage": [
                                            {
                                                "imageUrl": "https://assets.shop.loblaws.ca/products/20135581001/b2/en/front/20135581001_front_a06_@2.png",
                                                "smallUrl": "https://assets.shop.loblaws.ca/products/20135581001/b1/en/front/20135581001_front_a01_@2.png",
                                                "mediumUrl": "https://assets.shop.loblaws.ca/products/20135581001/b3/en/front/20135581001_front_a06_@2.png",
                                                "largeUrl": "https://assets.shop.loblaws.ca/products/20135581001/b2/en/front/20135581001_front_a06_@2.png",
                                                "smallRetinaUrl": "https://assets.shop.loblaws.ca/products/20135581001/b1/en/front/20135581001_front_a01_@2.png",
                                                "mediumRetinaUrl": "https://assets.shop.loblaws.ca/products/20135581001/b3/en/front/20135581001_front_a06_@2.png",
                                                "largeRetinaUrl": "https://assets.shop.loblaws.ca/products/20135581001/b2/en/front/20135581001_front_a06_@2.png"
                                            }
                                        ],
                                        "brand": null,
                                        "title": "Colossal Garlic",
                                        "description": "Garlic has a plump bulb (or head) of individual cloves each covered with a thin skin that can be peeled. Heads of garlic can be roasted whole and the individual cloves can be crushed, chopped, pressed, pur\u00e9ed, or sliced. Try eating fresh parsley after a meal containing garlic to help control odour.",
                                        "packageSizing": "$13.21/1kg $5.99/1lb",
                                        "pricing": {
                                            "price": "1.32",
                                            "wasPrice": null,
                                            "displayPrice": "about $1.32",
                                            "memberOnlyPrice": null,
                                            "mopDisplayPrice": null
                                        },
                                        "pricingUnits": {
                                            "type": "SOLD_BY_EACH_PRICED_BY_WEIGHT",
                                            "unit": "ea",
                                            "interval": 1,
                                            "minOrderQuantity": 1,
                                            "maxOrderQuantity": 25,
                                            "weighted": false
                                        },
                                        "deal": null,
                                        "mopDeal": null,
                                        "pcoDeal": null,
                                        "inventoryIndicator": null,
                                        "offerType": "OG",
                                        "offerId": "OG",
                                        "action": null,
                                        "isVariant": false,
                                        "link": "/colossal-garlic/p/20135581001_KG",
                                        "productVendor": null,
                                        "productVariant": null,
                                        "textBadge": "",
                                        "variantTheme": null,
                                        "articleNumber": "20135581001",
                                        "uom": "KG",
                                        "sponsoredCreative": null,
                                        "isSponsored": false,
                                        "isComplementarySponsored": false,
                                        "complementarySponsoredBadgeText": null,
                                        "productBadge": null
                                    },
                                    {
                                        "productId": "20811994001_EA",
                                        "productImage": [
                                            {
                                                "imageUrl": "https://assets.shop.loblaws.ca/products/20811994001/b2/en/front/20811994001_front_a06_@2.png",
                                                "smallUrl": "https://assets.shop.loblaws.ca/products/20811994001/b1/en/front/20811994001_front_a01_@2.png",
                                                "mediumUrl": "https://assets.shop.loblaws.ca/products/20811994001/b3/en/front/20811994001_front_a06_@2.png",
                                                "largeUrl": "https://assets.shop.loblaws.ca/products/20811994001/b2/en/front/20811994001_front_a06_@2.png",
                                                "smallRetinaUrl": "https://assets.shop.loblaws.ca/products/20811994001/b1/en/front/20811994001_front_a01_@2.png",
                                                "mediumRetinaUrl": "https://assets.shop.loblaws.ca/products/20811994001/b3/en/front/20811994001_front_a06_@2.png",
                                                "largeRetinaUrl": "https://assets.shop.loblaws.ca/products/20811994001/b2/en/front/20811994001_front_a06_@2.png"
                                            }
                                        ],
                                        "brand": "Farmer's Market",
                                        "title": "Yellow Onions, 3 lb Bag",
                                        "description": null,
                                        "packageSizing": "1.36 kg, $0.33/100g",
                                        "pricing": {
                                            "price": "4.49",
                                            "wasPrice": null,
                                            "displayPrice": "$4.49",
                                            "memberOnlyPrice": null,
                                            "mopDisplayPrice": null
                                        },
                                        "pricingUnits": {
                                            "type": "SOLD_BY_EACH",
                                            "unit": "ea",
                                            "interval": 1,
                                            "minOrderQuantity": 1,
                                            "maxOrderQuantity": 25,
                                            "weighted": false
                                        },
                                        "deal": null,
                                        "mopDeal": null,
                                        "pcoDeal": null,
                                        "inventoryIndicator": null,
                                        "offerType": "OG",
                                        "offerId": "OG",
                                        "action": null,
                                        "isVariant": false,
                                        "link": "/yellow-onions-3-lb-bag/p/20811994001_EA",
                                        "productVendor": null,
                                        "productVariant": null,
                                        "textBadge": "",
                                        "variantTheme": null,
                                        "articleNumber": "20811994001",
                                        "uom": "EA",
                                        "sponsoredCreative": null,
                                        "isSponsored": false,
                                        "isComplementarySponsored": false,
                                        "complementarySponsoredBadgeText": null,
                                        "productBadge": null
                                    },
                                    {
                                        "productId": "20142232001_EA",
                                        "productImage": [
                                            {
                                                "imageUrl": "https://assets.shop.loblaws.ca/products/20142232001/b2/en/front/20142232001_front_a06_@2.png",
                                                "smallUrl": "https://assets.shop.loblaws.ca/products/20142232001/b1/en/front/20142232001_front_a01_@2.png",
                                                "mediumUrl": "https://assets.shop.loblaws.ca/products/20142232001/b3/en/front/20142232001_front_a06_@2.png",
                                                "largeUrl": "https://assets.shop.loblaws.ca/products/20142232001/b2/en/front/20142232001_front_a06_@2.png",
                                                "smallRetinaUrl": "https://assets.shop.loblaws.ca/products/20142232001/b1/en/front/20142232001_front_a01_@2.png",
                                                "mediumRetinaUrl": "https://assets.shop.loblaws.ca/products/20142232001/b3/en/front/20142232001_front_a06_@2.png",
                                                "largeRetinaUrl": "https://assets.shop.loblaws.ca/products/20142232001/b2/en/front/20142232001_front_a06_@2.png"
                                            }
                                        ],
                                        "brand": null,
                                        "title": "Avocados Bag, 5-Pack",
                                        "description": "  Each bag  has 5 avacados. Avocados have a pebbly skin that turns from dark green to  near black when ripe. Cut lengthwise, twist to separate the halves, and scoop  out the creamy, pale green flesh for guacamole (lemon juice will keep the  flesh from discolouring) and smoothies, or add sliced avocado to salad or a  BLT sandwich.",
                                        "packageSizing": "1 ea, $1.20/1ea",
                                        "pricing": {
                                            "price": "5.99",
                                            "wasPrice": null,
                                            "displayPrice": "$5.99",
                                            "memberOnlyPrice": null,
                                            "mopDisplayPrice": null
                                        },
                                        "pricingUnits": {
                                            "type": "SOLD_BY_EACH",
                                            "unit": "ea",
                                            "interval": 1,
                                            "minOrderQuantity": 1,
                                            "maxOrderQuantity": 25,
                                            "weighted": false
                                        },
                                        "deal": null,
                                        "mopDeal": null,
                                        "pcoDeal": null,
                                        "inventoryIndicator": null,
                                        "offerType": "OG",
                                        "offerId": "OG",
                                        "action": null,
                                        "isVariant": false,
                                        "link": "/avocados-bag-5-pack/p/20142232001_EA",
                                        "productVendor": null,
                                        "productVariant": null,
                                        "textBadge": "",
                                        "variantTheme": null,
                                        "articleNumber": "20142232001",
                                        "uom": "EA",
                                        "sponsoredCreative": null,
                                        "isSponsored": false,
                                        "isComplementarySponsored": false,
                                        "complementarySponsoredBadgeText": null,
                                        "productBadge": null
                                    },
                                    {
                                        "productId": "20828461001_EA",
                                        "productImage": [
                                            {
                                                "imageUrl": "https://assets.shop.loblaws.ca/products/20828461001/b2/en/front/20828461001_front_a06_@2.png",
                                                "smallUrl": "https://assets.shop.loblaws.ca/products/20828461001/b1/en/front/20828461001_front_a01_@2.png",
                                                "mediumUrl": "https://assets.shop.loblaws.ca/products/20828461001/b3/en/front/20828461001_front_a06_@2.png",
                                                "largeUrl": "https://assets.shop.loblaws.ca/products/20828461001/b2/en/front/20828461001_front_a06_@2.png",
                                                "smallRetinaUrl": "https://assets.shop.loblaws.ca/products/20828461001/b1/en/front/20828461001_front_a01_@2.png",
                                                "mediumRetinaUrl": "https://assets.shop.loblaws.ca/products/20828461001/b3/en/front/20828461001_front_a06_@2.png",
                                                "largeRetinaUrl": "https://assets.shop.loblaws.ca/products/20828461001/b2/en/front/20828461001_front_a06_@2.png"
                                            },
                                            {
                                                "imageUrl": "https://assets.shop.loblaws.ca/products/20828461001/b2/en/open/20828461001_open_a06_@2.png",
                                                "smallUrl": "https://assets.shop.loblaws.ca/products/20828461001/b1/en/open/20828461001_open_a01_@2.png",
                                                "mediumUrl": "https://assets.shop.loblaws.ca/products/20828461001/b3/en/open/20828461001_open_a06_@2.png",
                                                "largeUrl": "https://assets.shop.loblaws.ca/products/20828461001/b2/en/open/20828461001_open_a06_@2.png",
                                                "smallRetinaUrl": "https://assets.shop.loblaws.ca/products/20828461001/b1/en/open/20828461001_open_a01_@2.png",
                                                "mediumRetinaUrl": "https://assets.shop.loblaws.ca/products/20828461001/b3/en/open/20828461001_open_a06_@2.png",
                                                "largeRetinaUrl": "https://assets.shop.loblaws.ca/products/20828461001/b2/en/open/20828461001_open_a06_@2.png"
                                            }
                                        ],
                                        "brand": "Farmer's Market",
                                        "title": "English Cucumber 3Ct    ",
                                        "description": "English (or hothouse) cucumbers are cylindrical green-skinned fruit with a crisp white flesh and edible seeds. English cucumbers are typically enjoyed raw and can be peeled or eaten with the skin on. Add sliced cucumber to your next vegetable platter or toss with mint and lemon juice for a refreshing salad.",
                                        "packageSizing": "3 pack, $1.33/1ea",
                                        "pricing": {
                                            "price": "3.99",
                                            "wasPrice": null,
                                            "displayPrice": "$3.99",
                                            "memberOnlyPrice": null,
                                            "mopDisplayPrice": null
                                        },
                                        "pricingUnits": {
                                            "type": "SOLD_BY_EACH",
                                            "unit": "ea",
                                            "interval": 1,
                                            "minOrderQuantity": 1,
                                            "maxOrderQuantity": 25,
                                            "weighted": false
                                        },
                                        "deal": null,
                                        "mopDeal": null,
                                        "pcoDeal": null,
                                        "inventoryIndicator": null,
                                        "offerType": "OG",
                                        "offerId": "OG",
                                        "action": null,
                                        "isVariant": false,
                                        "link": "/english-cucumber-3ct/p/20828461001_EA",
                                        "productVendor": null,
                                        "productVariant": null,
                                        "textBadge": "",
                                        "variantTheme": null,
                                        "articleNumber": "20828461001",
                                        "uom": "EA",
                                        "sponsoredCreative": null,
                                        "isSponsored": false,
                                        "isComplementarySponsored": false,
                                        "complementarySponsoredBadgeText": null,
                                        "productBadge": null
                                    },
                                    {
                                        "productId": "20135326001_EA",
                                        "productImage": [
                                            {
                                                "imageUrl": "https://assets.shop.loblaws.ca/products/20135326001/b2/en/front/20135326001_front_a06_@2.png",
                                                "smallUrl": "https://assets.shop.loblaws.ca/products/20135326001/b1/en/front/20135326001_front_a01_@2.png",
                                                "mediumUrl": "https://assets.shop.loblaws.ca/products/20135326001/b3/en/front/20135326001_front_a06_@2.png",
                                                "largeUrl": "https://assets.shop.loblaws.ca/products/20135326001/b2/en/front/20135326001_front_a06_@2.png",
                                                "smallRetinaUrl": "https://assets.shop.loblaws.ca/products/20135326001/b1/en/front/20135326001_front_a01_@2.png",
                                                "mediumRetinaUrl": "https://assets.shop.loblaws.ca/products/20135326001/b3/en/front/20135326001_front_a06_@2.png",
                                                "largeRetinaUrl": "https://assets.shop.loblaws.ca/products/20135326001/b2/en/front/20135326001_front_a06_@2.png"
                                            }
                                        ],
                                        "brand": null,
                                        "title": "Lettuce Iceberg",
                                        "description": "Iceberg (or crisphead) lettuce is a round, tightly-packed head of pale green leaves. It has a crisp texture and a mild flavour and is mainly used fresh. Shred iceberg lettuce for salads and slaws, or cut into wedges and drizzle with blue cheese dressing.",
                                        "packageSizing": "1 ea, $3.49/1ea",
                                        "pricing": {
                                            "price": "3.49",
                                            "wasPrice": null,
                                            "displayPrice": "$3.49",
                                            "memberOnlyPrice": null,
                                            "mopDisplayPrice": null
                                        },
                                        "pricingUnits": {
                                            "type": "SOLD_BY_EACH",
                                            "unit": "ea",
                                            "interval": 1,
                                            "minOrderQuantity": 1,
                                            "maxOrderQuantity": 25,
                                            "weighted": false
                                        },
                                        "deal": null,
                                        "mopDeal": null,
                                        "pcoDeal": null,
                                        "inventoryIndicator": null,
                                        "offerType": "OG",
                                        "offerId": "OG",
                                        "action": null,
                                        "isVariant": false,
                                        "link": "/lettuce-iceberg/p/20135326001_EA",
                                        "productVendor": null,
                                        "productVariant": null,
                                        "textBadge": "",
                                        "variantTheme": null,
                                        "articleNumber": "20135326001",
                                        "uom": "EA",
                                        "sponsoredCreative": null,
                                        "isSponsored": false,
                                        "isComplementarySponsored": false,
                                        "complementarySponsoredBadgeText": null,
                                        "productBadge": null
                                    },
                                    {
                                        "productId": "20028593001_EA",
                                        "productImage": [
                                            {
                                                "imageUrl": "https://assets.shop.loblaws.ca/products/20028593001/b2/en/front/20028593001_front_a06_@2.png",
                                                "smallUrl": "https://assets.shop.loblaws.ca/products/20028593001/b1/en/front/20028593001_front_a01_@2.png",
                                                "mediumUrl": "https://assets.shop.loblaws.ca/products/20028593001/b3/en/front/20028593001_front_a06_@2.png",
                                                "largeUrl": "https://assets.shop.loblaws.ca/products/20028593001/b2/en/front/20028593001_front_a06_@2.png",
                                                "smallRetinaUrl": "https://assets.shop.loblaws.ca/products/20028593001/b1/en/front/20028593001_front_a01_@2.png",
                                                "mediumRetinaUrl": "https://assets.shop.loblaws.ca/products/20028593001/b3/en/front/20028593001_front_a06_@2.png",
                                                "largeRetinaUrl": "https://assets.shop.loblaws.ca/products/20028593001/b2/en/front/20028593001_front_a06_@2.png"
                                            }
                                        ],
                                        "brand": null,
                                        "title": "Lemon",
                                        "description": "Lemons have a bright yellow peel and can vary in size depending on the variety. This citrus fruit produces a tart, acidic juice that will add flavour to your salad dressings, beverages, and marinades. Lemon juice and rinds are also versatile ingredients for baking everything from cookies and cakes to a classic lemon meringue pie.",
                                        "packageSizing": "1 ea, $0.99/1ea",
                                        "pricing": {
                                            "price": "0.99",
                                            "wasPrice": null,
                                            "displayPrice": "$0.99",
                                            "memberOnlyPrice": null,
                                            "mopDisplayPrice": null
                                        },
                                        "pricingUnits": {
                                            "type": "SOLD_BY_EACH",
                                            "unit": "ea",
                                            "interval": 1,
                                            "minOrderQuantity": 1,
                                            "maxOrderQuantity": 25,
                                            "weighted": false
                                        },
                                        "deal": null,
                                        "mopDeal": null,
                                        "pcoDeal": null,
                                        "inventoryIndicator": null,
                                        "offerType": "OG",
                                        "offerId": "OG",
                                        "action": null,
                                        "isVariant": false,
                                        "link": "/lemon/p/20028593001_EA",
                                        "productVendor": null,
                                        "productVariant": null,
                                        "textBadge": "",
                                        "variantTheme": null,
                                        "articleNumber": "20028593001",
                                        "uom": "EA",
                                        "sponsoredCreative": null,
                                        "isSponsored": false,
                                        "isComplementarySponsored": false,
                                        "complementarySponsoredBadgeText": null,
                                        "productBadge": null
                                    },
                                    {
                                        "productId": "20134101001_KG",
                                        "productImage": [
                                            {
                                                "imageUrl": "https://assets.shop.loblaws.ca/products/20134101001/b2/en/front/20134101001_front_a06_@2.png",
                                                "smallUrl": "https://assets.shop.loblaws.ca/products/20134101001/b1/en/front/20134101001_front_a01_@2.png",
                                                "mediumUrl": "https://assets.shop.loblaws.ca/products/20134101001/b3/en/front/20134101001_front_a06_@2.png",
                                                "largeUrl": "https://assets.shop.loblaws.ca/products/20134101001/b2/en/front/20134101001_front_a06_@2.png",
                                                "smallRetinaUrl": "https://assets.shop.loblaws.ca/products/20134101001/b1/en/front/20134101001_front_a01_@2.png",
                                                "mediumRetinaUrl": "https://assets.shop.loblaws.ca/products/20134101001/b3/en/front/20134101001_front_a06_@2.png",
                                                "largeRetinaUrl": "https://assets.shop.loblaws.ca/products/20134101001/b2/en/front/20134101001_front_a06_@2.png"
                                            }
                                        ],
                                        "brand": null,
                                        "title": "Red Onion",
                                        "description": "Red (or Italian) onions have a reddish-purple papery skin and a mild sweet flavour.  Use red onions to add colour and flavour to just about any dish. Slices of raw red onion work well in salads and as a topping for burgers, or roast and serve with sausage or flank steak.",
                                        "packageSizing": "$7.69/1kg $3.49/1lb",
                                        "pricing": {
                                            "price": "2.85",
                                            "wasPrice": null,
                                            "displayPrice": "about $2.85",
                                            "memberOnlyPrice": null,
                                            "mopDisplayPrice": null
                                        },
                                        "pricingUnits": {
                                            "type": "SOLD_BY_EACH_PRICED_BY_WEIGHT",
                                            "unit": "ea",
                                            "interval": 1,
                                            "minOrderQuantity": 1,
                                            "maxOrderQuantity": 25,
                                            "weighted": false
                                        },
                                        "deal": null,
                                        "mopDeal": null,
                                        "pcoDeal": null,
                                        "inventoryIndicator": null,
                                        "offerType": "OG",
                                        "offerId": "OG",
                                        "action": null,
                                        "isVariant": false,
                                        "link": "/red-onion/p/20134101001_KG",
                                        "productVendor": null,
                                        "productVariant": null,
                                        "textBadge": "",
                                        "variantTheme": null,
                                        "articleNumber": "20134101001",
                                        "uom": "KG",
                                        "sponsoredCreative": null,
                                        "isSponsored": false,
                                        "isComplementarySponsored": false,
                                        "complementarySponsoredBadgeText": null,
                                        "productBadge": null
                                    },
                                    {
                                        "productId": "20163119001_EA",
                                        "productImage": [
                                            {
                                                "imageUrl": "https://assets.shop.loblaws.ca/products/20163119001/b2/en/front/20163119001_front_a06_@2.png",
                                                "smallUrl": "https://assets.shop.loblaws.ca/products/20163119001/b1/en/front/20163119001_front_a01_@2.png",
                                                "mediumUrl": "https://assets.shop.loblaws.ca/products/20163119001/b3/en/front/20163119001_front_a06_@2.png",
                                                "largeUrl": "https://assets.shop.loblaws.ca/products/20163119001/b2/en/front/20163119001_front_a06_@2.png",
                                                "smallRetinaUrl": "https://assets.shop.loblaws.ca/products/20163119001/b1/en/front/20163119001_front_a01_@2.png",
                                                "mediumRetinaUrl": "https://assets.shop.loblaws.ca/products/20163119001/b3/en/front/20163119001_front_a06_@2.png",
                                                "largeRetinaUrl": "https://assets.shop.loblaws.ca/products/20163119001/b2/en/front/20163119001_front_a06_@2.png"
                                            }
                                        ],
                                        "brand": null,
                                        "title": "Celery Stalks",
                                        "description": "Celery has a cluster of pale green leaved ribs surrounding a heart (inner ribs). Trimmed celery leaves can be used as a garnish or added to a mixed greens salad. Enjoy celery on its own or with dip as a snack, or chop for soups, stews, or a\u00a0sandwich.",
                                        "packageSizing": "1 ea, $3.49/1ea",
                                        "pricing": {
                                            "price": "3.49",
                                            "wasPrice": null,
                                            "displayPrice": "$3.49",
                                            "memberOnlyPrice": null,
                                            "mopDisplayPrice": null
                                        },
                                        "pricingUnits": {
                                            "type": "SOLD_BY_EACH",
                                            "unit": "ea",
                                            "interval": 1,
                                            "minOrderQuantity": 1,
                                            "maxOrderQuantity": 25,
                                            "weighted": false
                                        },
                                        "deal": null,
                                        "mopDeal": null,
                                        "pcoDeal": null,
                                        "inventoryIndicator": null,
                                        "offerType": "OG",
                                        "offerId": "OG",
                                        "action": null,
                                        "isVariant": false,
                                        "link": "/celery-stalks/p/20163119001_EA",
                                        "productVendor": null,
                                        "productVariant": null,
                                        "textBadge": "",
                                        "variantTheme": null,
                                        "articleNumber": "20163119001",
                                        "uom": "EA",
                                        "sponsoredCreative": null,
                                        "isSponsored": false,
                                        "isComplementarySponsored": false,
                                        "complementarySponsoredBadgeText": null,
                                        "productBadge": null
                                    },
                                    {
                                        "productId": "20503017001_EA",
                                        "productImage": [
                                            {
                                                "imageUrl": "https://assets.shop.loblaws.ca/products/20503017001/b2/en/front/20503017001_front_a06_@2.png",
                                                "smallUrl": "https://assets.shop.loblaws.ca/products/20503017001/b1/en/front/20503017001_front_a01_@2.png",
                                                "mediumUrl": "https://assets.shop.loblaws.ca/products/20503017001/b3/en/front/20503017001_front_a06_@2.png",
                                                "largeUrl": "https://assets.shop.loblaws.ca/products/20503017001/b2/en/front/20503017001_front_a06_@2.png",
                                                "smallRetinaUrl": "https://assets.shop.loblaws.ca/products/20503017001/b1/en/front/20503017001_front_a01_@2.png",
                                                "mediumRetinaUrl": "https://assets.shop.loblaws.ca/products/20503017001/b3/en/front/20503017001_front_a06_@2.png",
                                                "largeRetinaUrl": "https://assets.shop.loblaws.ca/products/20503017001/b2/en/front/20503017001_front_a06_@2.png"
                                            }
                                        ],
                                        "brand": null,
                                        "title": "Strawberry Quart",
                                        "description": "Strawberries vary in colour, shape, and size but their flavour is distinctively sweet. They are topped with a hull of green leaves and are speckled with seeds on the surface. Enjoy yours in classic desserts like strawberry shortcake and strawberry-rhubarb pie, or add them to your next spinach salad with some crumbled goat cheese .",
                                        "packageSizing": "517 g, $0.97/100g",
                                        "pricing": {
                                            "price": "4.99",
                                            "wasPrice": null,
                                            "displayPrice": "$4.99",
                                            "memberOnlyPrice": null,
                                            "mopDisplayPrice": null
                                        },
                                        "pricingUnits": {
                                            "type": "SOLD_BY_EACH",
                                            "unit": "ea",
                                            "interval": 1,
                                            "minOrderQuantity": 1,
                                            "maxOrderQuantity": 25,
                                            "weighted": false
                                        },
                                        "deal": null,
                                        "mopDeal": null,
                                        "pcoDeal": null,
                                        "inventoryIndicator": {
                                            "indicatorId": "OUT",
                                            "text": "Out of Stock"
                                        },
                                        "offerType": "OG",
                                        "offerId": "OG",
                                        "action": null,
                                        "isVariant": false,
                                        "link": "/strawberry-quart/p/20503017001_EA",
                                        "productVendor": null,
                                        "productVariant": null,
                                        "textBadge": "out-of-stock",
                                        "variantTheme": null,
                                        "articleNumber": "20503017001",
                                        "uom": "EA",
                                        "sponsoredCreative": null,
                                        "isSponsored": false,
                                        "isComplementarySponsored": false,
                                        "complementarySponsoredBadgeText": null,
                                        "productBadge": null
                                    },
                                    {
                                        "productId": "20425775001_KG",
                                        "productImage": [
                                            {
                                                "imageUrl": "https://assets.shop.loblaws.ca/products/20425775001/b2/en/front/20425775001_front_a06_@2.png",
                                                "smallUrl": "https://assets.shop.loblaws.ca/products/20425775001/b1/en/front/20425775001_front_a01_@2.png",
                                                "mediumUrl": "https://assets.shop.loblaws.ca/products/20425775001/b3/en/front/20425775001_front_a06_@2.png",
                                                "largeUrl": "https://assets.shop.loblaws.ca/products/20425775001/b2/en/front/20425775001_front_a06_@2.png",
                                                "smallRetinaUrl": "https://assets.shop.loblaws.ca/products/20425775001/b1/en/front/20425775001_front_a01_@2.png",
                                                "mediumRetinaUrl": "https://assets.shop.loblaws.ca/products/20425775001/b3/en/front/20425775001_front_a06_@2.png",
                                                "largeRetinaUrl": "https://assets.shop.loblaws.ca/products/20425775001/b2/en/front/20425775001_front_a06_@2.png"
                                            },
                                            {
                                                "imageUrl": "https://assets.shop.loblaws.ca/products/20425775001/b2/en/angle/20425775001_angle_a06_@2.png",
                                                "smallUrl": "https://assets.shop.loblaws.ca/products/20425775001/b1/en/angle/20425775001_angle_a01_@2.png",
                                                "mediumUrl": "https://assets.shop.loblaws.ca/products/20425775001/b3/en/angle/20425775001_angle_a06_@2.png",
                                                "largeUrl": "https://assets.shop.loblaws.ca/products/20425775001/b2/en/angle/20425775001_angle_a06_@2.png",
                                                "smallRetinaUrl": "https://assets.shop.loblaws.ca/products/20425775001/b1/en/angle/20425775001_angle_a01_@2.png",
                                                "mediumRetinaUrl": "https://assets.shop.loblaws.ca/products/20425775001/b3/en/angle/20425775001_angle_a06_@2.png",
                                                "largeRetinaUrl": "https://assets.shop.loblaws.ca/products/20425775001/b2/en/angle/20425775001_angle_a06_@2.png"
                                            },
                                            {
                                                "imageUrl": "https://assets.shop.loblaws.ca/products/20425775001/b2/en/side/20425775001_side_a06_@2.png",
                                                "smallUrl": "https://assets.shop.loblaws.ca/products/20425775001/b1/en/side/20425775001_side_a01_@2.png",
                                                "mediumUrl": "https://assets.shop.loblaws.ca/products/20425775001/b3/en/side/20425775001_side_a06_@2.png",
                                                "largeUrl": "https://assets.shop.loblaws.ca/products/20425775001/b2/en/side/20425775001_side_a06_@2.png",
                                                "smallRetinaUrl": "https://assets.shop.loblaws.ca/products/20425775001/b1/en/side/20425775001_side_a01_@2.png",
                                                "mediumRetinaUrl": "https://assets.shop.loblaws.ca/products/20425775001/b3/en/side/20425775001_side_a06_@2.png",
                                                "largeRetinaUrl": "https://assets.shop.loblaws.ca/products/20425775001/b2/en/side/20425775001_side_a06_@2.png"
                                            },
                                            {
                                                "imageUrl": "https://assets.shop.loblaws.ca/products/20425775001/b2/en/top/20425775001_top_a06_@2.png",
                                                "smallUrl": "https://assets.shop.loblaws.ca/products/20425775001/b1/en/top/20425775001_top_a01_@2.png",
                                                "mediumUrl": "https://assets.shop.loblaws.ca/products/20425775001/b3/en/top/20425775001_top_a06_@2.png",
                                                "largeUrl": "https://assets.shop.loblaws.ca/products/20425775001/b2/en/top/20425775001_top_a06_@2.png",
                                                "smallRetinaUrl": "https://assets.shop.loblaws.ca/products/20425775001/b1/en/top/20425775001_top_a01_@2.png",
                                                "mediumRetinaUrl": "https://assets.shop.loblaws.ca/products/20425775001/b3/en/top/20425775001_top_a06_@2.png",
                                                "largeRetinaUrl": "https://assets.shop.loblaws.ca/products/20425775001/b2/en/top/20425775001_top_a06_@2.png"
                                            }
                                        ],
                                        "brand": null,
                                        "title": "Extra Large Green Seedless Grapes",
                                        "description": "<p>Green grapes range in colour from pale green to amber yellow and are considered white grape varieties. Fresh grapes have a silver-white bloom covering them and should be plump with firmly attached green stems. Use green grapes to garnish your cheese tray or simply enjoy them on their own as a snack. </p><p>Our PC grape collection strives to source the highest flavour grape varieties from exceptional growers across the world. We strive to bring our customers the best eating experience each season, and are always looking for new great tasting varieties to expand our collection. These grapes come in Autumn Crisp (crisp and juicy with a light muscat aroma), Stella Bella (juicy-sweet and crisp), and Sugar Crunch (sweet and crisp). </p><p>Please include your varietal preference in the comment section at checkout. If your preference is not available in-store, we will pick the freshest variety that is available. Varieties and branding vary by store and season. </p>",
                                        "packageSizing": "$8.80/1kg $3.99/1lb",
                                        "pricing": {
                                            "price": "8.98",
                                            "wasPrice": null,
                                            "displayPrice": "about $8.98",
                                            "memberOnlyPrice": null,
                                            "mopDisplayPrice": null
                                        },
                                        "pricingUnits": {
                                            "type": "SOLD_BY_EACH_PRICED_BY_WEIGHT",
                                            "unit": "ea",
                                            "interval": 1,
                                            "minOrderQuantity": 1,
                                            "maxOrderQuantity": 25,
                                            "weighted": false
                                        },
                                        "deal": null,
                                        "mopDeal": null,
                                        "pcoDeal": null,
                                        "inventoryIndicator": null,
                                        "offerType": "OG",
                                        "offerId": "OG",
                                        "action": null,
                                        "isVariant": false,
                                        "link": "/extra-large-green-seedless-grapes/p/20425775001_KG",
                                        "productVendor": null,
                                        "productVariant": null,
                                        "textBadge": "",
                                        "variantTheme": null,
                                        "articleNumber": "20425775001",
                                        "uom": "KG",
                                        "sponsoredCreative": null,
                                        "isSponsored": false,
                                        "isComplementarySponsored": false,
                                        "complementarySponsoredBadgeText": null,
                                        "productBadge": null
                                    },
                                    {
                                        "productId": "21367888001_EA",
                                        "productImage": [
                                            {
                                                "imageUrl": "https://assets.shop.loblaws.ca/products/21367888001/b2/en/front/21367888001_front_a06_@2.png",
                                                "smallUrl": "https://assets.shop.loblaws.ca/products/21367888001/b1/en/front/21367888001_front_a01_@2.png",
                                                "mediumUrl": "https://assets.shop.loblaws.ca/products/21367888001/b3/en/front/21367888001_front_a06_@2.png",
                                                "largeUrl": "https://assets.shop.loblaws.ca/products/21367888001/b2/en/front/21367888001_front_a06_@2.png",
                                                "smallRetinaUrl": "https://assets.shop.loblaws.ca/products/21367888001/b1/en/front/21367888001_front_a01_@2.png",
                                                "mediumRetinaUrl": "https://assets.shop.loblaws.ca/products/21367888001/b3/en/front/21367888001_front_a06_@2.png",
                                                "largeRetinaUrl": "https://assets.shop.loblaws.ca/products/21367888001/b2/en/front/21367888001_front_a06_@2.png"
                                            },
                                            {
                                                "imageUrl": "https://assets.shop.loblaws.ca/products/21367888001/b2/en/angle/21367888001_angle_a06_@2.png",
                                                "smallUrl": "https://assets.shop.loblaws.ca/products/21367888001/b1/en/angle/21367888001_angle_a01_@2.png",
                                                "mediumUrl": "https://assets.shop.loblaws.ca/products/21367888001/b3/en/angle/21367888001_angle_a06_@2.png",
                                                "largeUrl": "https://assets.shop.loblaws.ca/products/21367888001/b2/en/angle/21367888001_angle_a06_@2.png",
                                                "smallRetinaUrl": "https://assets.shop.loblaws.ca/products/21367888001/b1/en/angle/21367888001_angle_a01_@2.png",
                                                "mediumRetinaUrl": "https://assets.shop.loblaws.ca/products/21367888001/b3/en/angle/21367888001_angle_a06_@2.png",
                                                "largeRetinaUrl": "https://assets.shop.loblaws.ca/products/21367888001/b2/en/angle/21367888001_angle_a06_@2.png"
                                            }
                                        ],
                                        "brand": "Farmer's Market",
                                        "title": "Grape Tomatoes",
                                        "description": "  <p>Plump,  red Grape Tomatoes work well in a variety of dishes. These juicy grape  tomatoes are great on their own as a snack or sliced in your favourite salad.  Wash well before use.",
                                        "packageSizing": "283 g, $1.06/100g",
                                        "pricing": {
                                            "price": "2.99",
                                            "wasPrice": "$3.99",
                                            "displayPrice": "$2.99",
                                            "memberOnlyPrice": null,
                                            "mopDisplayPrice": null
                                        },
                                        "pricingUnits": {
                                            "type": "SOLD_BY_EACH",
                                            "unit": "ea",
                                            "interval": 1,
                                            "minOrderQuantity": 1,
                                            "maxOrderQuantity": 25,
                                            "weighted": false
                                        },
                                        "deal": {
                                            "type": "SALE",
                                            "text": "SAVE $1.00",
                                            "points": 0,
                                            "name": "SALE",
                                            "expiryDate": "2024-07-10T00:00:00Z",
                                            "dealPrice": null
                                        },
                                        "mopDeal": null,
                                        "pcoDeal": null,
                                        "inventoryIndicator": null,
                                        "offerType": "OG",
                                        "offerId": "OG",
                                        "action": null,
                                        "isVariant": false,
                                        "link": "/grape-tomatoes/p/21367888001_EA",
                                        "productVendor": null,
                                        "productVariant": null,
                                        "textBadge": "",
                                        "variantTheme": null,
                                        "articleNumber": "21367888001",
                                        "uom": "EA",
                                        "sponsoredCreative": null,
                                        "isSponsored": false,
                                        "isComplementarySponsored": false,
                                        "complementarySponsoredBadgeText": null,
                                        "productBadge": null
                                    },
                                    {
                                        "productId": "20131170001_EA",
                                        "productImage": [
                                            {
                                                "imageUrl": "https://assets.shop.loblaws.ca/products/20131170001/b2/en/front/20131170001_front_a06_@2.png",
                                                "smallUrl": "https://assets.shop.loblaws.ca/products/20131170001/b1/en/front/20131170001_front_a01_@2.png",
                                                "mediumUrl": "https://assets.shop.loblaws.ca/products/20131170001/b3/en/front/20131170001_front_a06_@2.png",
                                                "largeUrl": "https://assets.shop.loblaws.ca/products/20131170001/b2/en/front/20131170001_front_a06_@2.png",
                                                "smallRetinaUrl": "https://assets.shop.loblaws.ca/products/20131170001/b1/en/front/20131170001_front_a01_@2.png",
                                                "mediumRetinaUrl": "https://assets.shop.loblaws.ca/products/20131170001/b3/en/front/20131170001_front_a06_@2.png",
                                                "largeRetinaUrl": "https://assets.shop.loblaws.ca/products/20131170001/b2/en/front/20131170001_front_a06_@2.png"
                                            },
                                            {
                                                "imageUrl": "https://assets.shop.loblaws.ca/products/20131170001/b1/en/top/20131170001_top_a01_@2.png",
                                                "smallUrl": "https://assets.shop.loblaws.ca/products/20131170001/b1/en/top/20131170001_top_a01_@2.png",
                                                "mediumUrl": "https://assets.shop.loblaws.ca/products/20131170001/b1/en/top/20131170001_top_a01_@2.png",
                                                "largeUrl": "https://assets.shop.loblaws.ca/products/20131170001/b1/en/top/20131170001_top_a01_@2.png",
                                                "smallRetinaUrl": "https://assets.shop.loblaws.ca/products/20131170001/b1/en/top/20131170001_top_a01_@2.png",
                                                "mediumRetinaUrl": "https://assets.shop.loblaws.ca/products/20131170001/b1/en/top/20131170001_top_a01_@2.png",
                                                "largeRetinaUrl": "https://assets.shop.loblaws.ca/products/20131170001/b1/en/top/20131170001_top_a01_@2.png"
                                            }
                                        ],
                                        "brand": null,
                                        "title": "Bi-Colour Corn, Corn on the Cob",
                                        "description": "Bi-colour corn has plump yellow and white kernels in tightly-spaced rows. Corn is covered with a thin layer of golden silk that should be removed prior to cooking. Cook corn and cut the kernels off the cob for salsa, salad, or chili, or boil and serve with butter for classic corn on the cob.",
                                        "packageSizing": "1 ea, $0.89/1ea",
                                        "pricing": {
                                            "price": "0.89",
                                            "wasPrice": null,
                                            "displayPrice": "$0.89",
                                            "memberOnlyPrice": null,
                                            "mopDisplayPrice": null
                                        },
                                        "pricingUnits": {
                                            "type": "SOLD_BY_EACH",
                                            "unit": "ea",
                                            "interval": 1,
                                            "minOrderQuantity": 1,
                                            "maxOrderQuantity": 25,
                                            "weighted": false
                                        },
                                        "deal": null,
                                        "mopDeal": null,
                                        "pcoDeal": null,
                                        "inventoryIndicator": {
                                            "indicatorId": "OUT",
                                            "text": "Out of Stock"
                                        },
                                        "offerType": "OG",
                                        "offerId": "OG",
                                        "action": null,
                                        "isVariant": false,
                                        "link": "/bi-colour-corn-corn-on-the-cob/p/20131170001_EA",
                                        "productVendor": null,
                                        "productVariant": null,
                                        "textBadge": "out-of-stock",
                                        "variantTheme": null,
                                        "articleNumber": "20131170001",
                                        "uom": "EA",
                                        "sponsoredCreative": null,
                                        "isSponsored": false,
                                        "isComplementarySponsored": false,
                                        "complementarySponsoredBadgeText": null,
                                        "productBadge": null
                                    },
                                    {
                                        "productId": "20040489001_EA",
                                        "productImage": [
                                            {
                                                "imageUrl": "https://assets.shop.loblaws.ca/products/20040489001/b2/en/front/20040489001_front_a06_@2.png",
                                                "smallUrl": "https://assets.shop.loblaws.ca/products/20040489001/b1/en/front/20040489001_front_a01_@2.png",
                                                "mediumUrl": "https://assets.shop.loblaws.ca/products/20040489001/b3/en/front/20040489001_front_a06_@2.png",
                                                "largeUrl": "https://assets.shop.loblaws.ca/products/20040489001/b2/en/front/20040489001_front_a06_@2.png",
                                                "smallRetinaUrl": "https://assets.shop.loblaws.ca/products/20040489001/b1/en/front/20040489001_front_a01_@2.png",
                                                "mediumRetinaUrl": "https://assets.shop.loblaws.ca/products/20040489001/b3/en/front/20040489001_front_a06_@2.png",
                                                "largeRetinaUrl": "https://assets.shop.loblaws.ca/products/20040489001/b2/en/front/20040489001_front_a06_@2.png"
                                            }
                                        ],
                                        "brand": null,
                                        "title": "Limes",
                                        "description": "Limes are shaped like lemons but a little smaller in size. They have green skin and their green pulp produces a tart, aromatic juice that is used in everything from dressings to desserts. Try squeezing lime juice and sprinkling sea salt over grilled corn on the cob at your next barbeque.",
                                        "packageSizing": "1 ea, $0.99/1ea",
                                        "pricing": {
                                            "price": "0.99",
                                            "wasPrice": null,
                                            "displayPrice": "$0.99",
                                            "memberOnlyPrice": null,
                                            "mopDisplayPrice": null
                                        },
                                        "pricingUnits": {
                                            "type": "SOLD_BY_EACH",
                                            "unit": "ea",
                                            "interval": 1,
                                            "minOrderQuantity": 1,
                                            "maxOrderQuantity": 25,
                                            "weighted": false
                                        },
                                        "deal": null,
                                        "mopDeal": null,
                                        "pcoDeal": null,
                                        "inventoryIndicator": null,
                                        "offerType": "OG",
                                        "offerId": "OG",
                                        "action": null,
                                        "isVariant": false,
                                        "link": "/limes/p/20040489001_EA",
                                        "productVendor": null,
                                        "productVariant": null,
                                        "textBadge": "",
                                        "variantTheme": null,
                                        "articleNumber": "20040489001",
                                        "uom": "EA",
                                        "sponsoredCreative": null,
                                        "isSponsored": false,
                                        "isComplementarySponsored": false,
                                        "complementarySponsoredBadgeText": null,
                                        "productBadge": null
                                    },
                                    {
                                        "productId": "20426596001_KG",
                                        "productImage": [
                                            {
                                                "imageUrl": "https://assets.shop.loblaws.ca/products/20426596001/b2/en/front/20426596001_front_a06_@2.png",
                                                "smallUrl": "https://assets.shop.loblaws.ca/products/20426596001/b1/en/front/20426596001_front_a01_@2.png",
                                                "mediumUrl": "https://assets.shop.loblaws.ca/products/20426596001/b3/en/front/20426596001_front_a06_@2.png",
                                                "largeUrl": "https://assets.shop.loblaws.ca/products/20426596001/b2/en/front/20426596001_front_a06_@2.png",
                                                "smallRetinaUrl": "https://assets.shop.loblaws.ca/products/20426596001/b1/en/front/20426596001_front_a01_@2.png",
                                                "mediumRetinaUrl": "https://assets.shop.loblaws.ca/products/20426596001/b3/en/front/20426596001_front_a06_@2.png",
                                                "largeRetinaUrl": "https://assets.shop.loblaws.ca/products/20426596001/b2/en/front/20426596001_front_a06_@2.png"
                                            }
                                        ],
                                        "brand": null,
                                        "title": "Zucchini",
                                        "description": "Zucchini are summer squash with dark to light green skin, white flesh, and tiny edible seeds. They have a delicate flavour and can be eaten raw or cooked in a variety of ways.",
                                        "packageSizing": "$5.49/1kg $2.49/1lb",
                                        "pricing": {
                                            "price": "1.54",
                                            "wasPrice": null,
                                            "displayPrice": "about $1.54",
                                            "memberOnlyPrice": null,
                                            "mopDisplayPrice": null
                                        },
                                        "pricingUnits": {
                                            "type": "SOLD_BY_EACH_PRICED_BY_WEIGHT",
                                            "unit": "ea",
                                            "interval": 1,
                                            "minOrderQuantity": 1,
                                            "maxOrderQuantity": 25,
                                            "weighted": false
                                        },
                                        "deal": null,
                                        "mopDeal": null,
                                        "pcoDeal": null,
                                        "inventoryIndicator": null,
                                        "offerType": "OG",
                                        "offerId": "OG",
                                        "action": null,
                                        "isVariant": false,
                                        "link": "/zucchini/p/20426596001_KG",
                                        "productVendor": null,
                                        "productVariant": null,
                                        "textBadge": "",
                                        "variantTheme": null,
                                        "articleNumber": "20426596001",
                                        "uom": "KG",
                                        "sponsoredCreative": null,
                                        "isSponsored": false,
                                        "isComplementarySponsored": false,
                                        "complementarySponsoredBadgeText": null,
                                        "productBadge": null
                                    },
                                    {
                                        "productId": "20128938001_EA",
                                        "productImage": [
                                            {
                                                "imageUrl": "https://assets.shop.loblaws.ca/products/20128938001/b2/en/front/20128938001_front_a06_@2.png",
                                                "smallUrl": "https://assets.shop.loblaws.ca/products/20128938001/b1/en/front/20128938001_front_a01_@2.png",
                                                "mediumUrl": "https://assets.shop.loblaws.ca/products/20128938001/b3/en/front/20128938001_front_a06_@2.png",
                                                "largeUrl": "https://assets.shop.loblaws.ca/products/20128938001/b2/en/front/20128938001_front_a06_@2.png",
                                                "smallRetinaUrl": "https://assets.shop.loblaws.ca/products/20128938001/b1/en/front/20128938001_front_a01_@2.png",
                                                "mediumRetinaUrl": "https://assets.shop.loblaws.ca/products/20128938001/b3/en/front/20128938001_front_a06_@2.png",
                                                "largeRetinaUrl": "https://assets.shop.loblaws.ca/products/20128938001/b2/en/front/20128938001_front_a06_@2.png"
                                            }
                                        ],
                                        "brand": null,
                                        "title": "Raspberries 1/2 pint",
                                        "description": "Raspberries are delicate fruit with bright red drupelets that connect to each other around a hollow central core. Their flavour is sweet but can also be tart if they aren\u2019t quite ripe. Add them to your morning cereal, smoothie, or yogurt, or indulge with raspberries topped with cream and chocolate shavings.",
                                        "packageSizing": "170 g, $2.94/100g",
                                        "pricing": {
                                            "price": "4.99",
                                            "wasPrice": null,
                                            "displayPrice": "$4.99",
                                            "memberOnlyPrice": null,
                                            "mopDisplayPrice": null
                                        },
                                        "pricingUnits": {
                                            "type": "SOLD_BY_EACH",
                                            "unit": "ea",
                                            "interval": 1,
                                            "minOrderQuantity": 1,
                                            "maxOrderQuantity": 25,
                                            "weighted": false
                                        },
                                        "deal": null,
                                        "mopDeal": null,
                                        "pcoDeal": null,
                                        "inventoryIndicator": null,
                                        "offerType": "OG",
                                        "offerId": "OG",
                                        "action": null,
                                        "isVariant": false,
                                        "link": "/raspberries-1-2-pint/p/20128938001_EA",
                                        "productVendor": null,
                                        "productVariant": null,
                                        "textBadge": "",
                                        "variantTheme": null,
                                        "articleNumber": "20128938001",
                                        "uom": "EA",
                                        "sponsoredCreative": null,
                                        "isSponsored": false,
                                        "isComplementarySponsored": false,
                                        "complementarySponsoredBadgeText": null,
                                        "productBadge": null
                                    },
                                    {
                                        "productId": "20007535001_KG",
                                        "productImage": [
                                            {
                                                "imageUrl": "https://assets.shop.loblaws.ca/products/20007535001/b2/en/front/20007535001_front_a06_@2.png",
                                                "smallUrl": "https://assets.shop.loblaws.ca/products/20007535001/b1/en/front/20007535001_front_a01_@2.png",
                                                "mediumUrl": "https://assets.shop.loblaws.ca/products/20007535001/b3/en/front/20007535001_front_a06_@2.png",
                                                "largeUrl": "https://assets.shop.loblaws.ca/products/20007535001/b2/en/front/20007535001_front_a06_@2.png",
                                                "smallRetinaUrl": "https://assets.shop.loblaws.ca/products/20007535001/b1/en/front/20007535001_front_a01_@2.png",
                                                "mediumRetinaUrl": "https://assets.shop.loblaws.ca/products/20007535001/b3/en/front/20007535001_front_a06_@2.png",
                                                "largeRetinaUrl": "https://assets.shop.loblaws.ca/products/20007535001/b2/en/front/20007535001_front_a06_@2.png"
                                            }
                                        ],
                                        "brand": null,
                                        "title": "Red Peppers    ",
                                        "description": "Red bell peppers start with green skin but are left to ripen longer, giving them their bright red skin and sweet, fruity flavour. Enjoy them raw with dips or hummus, or roast red peppers to make dips and soups or as a topping for burgers and bruschetta.",
                                        "packageSizing": "$9.90/1kg $4.49/1lb",
                                        "pricing": {
                                            "price": "2.38",
                                            "wasPrice": null,
                                            "displayPrice": "about $2.38",
                                            "memberOnlyPrice": null,
                                            "mopDisplayPrice": null
                                        },
                                        "pricingUnits": {
                                            "type": "SOLD_BY_EACH_PRICED_BY_WEIGHT",
                                            "unit": "ea",
                                            "interval": 1,
                                            "minOrderQuantity": 1,
                                            "maxOrderQuantity": 25,
                                            "weighted": false
                                        },
                                        "deal": null,
                                        "mopDeal": null,
                                        "pcoDeal": null,
                                        "inventoryIndicator": null,
                                        "offerType": "OG",
                                        "offerId": "OG",
                                        "action": null,
                                        "isVariant": false,
                                        "link": "/red-peppers/p/20007535001_KG",
                                        "productVendor": null,
                                        "productVariant": null,
                                        "textBadge": "",
                                        "variantTheme": null,
                                        "articleNumber": "20007535001",
                                        "uom": "KG",
                                        "sponsoredCreative": null,
                                        "isSponsored": false,
                                        "isComplementarySponsored": false,
                                        "complementarySponsoredBadgeText": null,
                                        "productBadge": null
                                    },
                                    {
                                        "productId": "21283746_EA",
                                        "productImage": [
                                            {
                                                "imageUrl": "https://assets.shop.loblaws.ca/products/21283746/b2/en/front/21283746_front_a06_@2.png",
                                                "smallUrl": "https://assets.shop.loblaws.ca/products/21283746/b1/en/front/21283746_front_a01_@2.png",
                                                "mediumUrl": "https://assets.shop.loblaws.ca/products/21283746/b3/en/front/21283746_front_a06_@2.png",
                                                "largeUrl": "https://assets.shop.loblaws.ca/products/21283746/b2/en/front/21283746_front_a06_@2.png",
                                                "smallRetinaUrl": "https://assets.shop.loblaws.ca/products/21283746/b1/en/front/21283746_front_a01_@2.png",
                                                "mediumRetinaUrl": "https://assets.shop.loblaws.ca/products/21283746/b3/en/front/21283746_front_a06_@2.png",
                                                "largeRetinaUrl": "https://assets.shop.loblaws.ca/products/21283746/b2/en/front/21283746_front_a06_@2.png"
                                            },
                                            {
                                                "imageUrl": "https://assets.shop.loblaws.ca/products/21283746/b2/en/angle/21283746_angle_a06_@2.png",
                                                "smallUrl": "https://assets.shop.loblaws.ca/products/21283746/b1/en/angle/21283746_angle_a01_@2.png",
                                                "mediumUrl": "https://assets.shop.loblaws.ca/products/21283746/b3/en/angle/21283746_angle_a06_@2.png",
                                                "largeUrl": "https://assets.shop.loblaws.ca/products/21283746/b2/en/angle/21283746_angle_a06_@2.png",
                                                "smallRetinaUrl": "https://assets.shop.loblaws.ca/products/21283746/b1/en/angle/21283746_angle_a01_@2.png",
                                                "mediumRetinaUrl": "https://assets.shop.loblaws.ca/products/21283746/b3/en/angle/21283746_angle_a06_@2.png",
                                                "largeRetinaUrl": "https://assets.shop.loblaws.ca/products/21283746/b2/en/angle/21283746_angle_a06_@2.png"
                                            },
                                            {
                                                "imageUrl": "https://assets.shop.loblaws.ca/products/21283746/b2/en/side/21283746_side_a06_@2.png",
                                                "smallUrl": "https://assets.shop.loblaws.ca/products/21283746/b1/en/side/21283746_side_a01_@2.png",
                                                "mediumUrl": "https://assets.shop.loblaws.ca/products/21283746/b3/en/side/21283746_side_a06_@2.png",
                                                "largeUrl": "https://assets.shop.loblaws.ca/products/21283746/b2/en/side/21283746_side_a06_@2.png",
                                                "smallRetinaUrl": "https://assets.shop.loblaws.ca/products/21283746/b1/en/side/21283746_side_a01_@2.png",
                                                "mediumRetinaUrl": "https://assets.shop.loblaws.ca/products/21283746/b3/en/side/21283746_side_a06_@2.png",
                                                "largeRetinaUrl": "https://assets.shop.loblaws.ca/products/21283746/b2/en/side/21283746_side_a06_@2.png"
                                            }
                                        ],
                                        "brand": "Hostess",
                                        "title": "Cupcakes Chocolate Cakes",
                                        "description": "Hostess\u00ae Chocolate Cupcakes have a decadent frosting and heavenly, creme-filled centre for rich taste that will drive chocolate-lovers wild.",
                                        "packageSizing": "206 g, $1.21/100g",
                                        "pricing": {
                                            "price": "2.00",
                                            "wasPrice": null,
                                            "displayPrice": "$2.00",
                                            "memberOnlyPrice": null,
                                            "mopDisplayPrice": null
                                        },
                                        "pricingUnits": {
                                            "type": "SOLD_BY_EACH",
                                            "unit": "ea",
                                            "interval": 1,
                                            "minOrderQuantity": 1,
                                            "maxOrderQuantity": 25,
                                            "weighted": false
                                        },
                                        "deal": {
                                            "type": "LIMIT",
                                            "text": "Limit 6, after limit $2.50",
                                            "points": 0,
                                            "name": "LIMIT",
                                            "expiryDate": "2024-07-10T00:00:00Z",
                                            "dealPrice": 2.0
                                        },
                                        "mopDeal": null,
                                        "pcoDeal": null,
                                        "inventoryIndicator": null,
                                        "offerType": "OG",
                                        "offerId": "OG",
                                        "action": null,
                                        "isVariant": false,
                                        "link": "/cupcakes-chocolate-cakes/p/21283746_EA",
                                        "productVendor": null,
                                        "productVariant": null,
                                        "textBadge": "",
                                        "variantTheme": null,
                                        "articleNumber": "21283746",
                                        "uom": "EA",
                                        "sponsoredCreative": null,
                                        "isSponsored": false,
                                        "isComplementarySponsored": false,
                                        "complementarySponsoredBadgeText": null,
                                        "productBadge": {
                                            "badgeId": "HOTM",
                                            "badgeClass": "badge04",
                                            "text": "Hit of the Month"
                                        }
                                    },
                                    {
                                        "productId": "20188873_EA",
                                        "productImage": [
                                            {
                                                "imageUrl": "https://assets.shop.loblaws.ca/products/20188873/b2/en/front/20188873_front_a06_@2.png",
                                                "smallUrl": "https://assets.shop.loblaws.ca/products/20188873/b1/en/front/20188873_front_a01_@2.png",
                                                "mediumUrl": "https://assets.shop.loblaws.ca/products/20188873/b3/en/front/20188873_front_a06_@2.png",
                                                "largeUrl": "https://assets.shop.loblaws.ca/products/20188873/b2/en/front/20188873_front_a06_@2.png",
                                                "smallRetinaUrl": "https://assets.shop.loblaws.ca/products/20188873/b1/en/front/20188873_front_a01_@2.png",
                                                "mediumRetinaUrl": "https://assets.shop.loblaws.ca/products/20188873/b3/en/front/20188873_front_a06_@2.png",
                                                "largeRetinaUrl": "https://assets.shop.loblaws.ca/products/20188873/b2/en/front/20188873_front_a06_@2.png"
                                            }
                                        ],
                                        "brand": "Neilson",
                                        "title": "Partly Skimmed Milk 2% MF",
                                        "description": "Rich in nutrients, milk has been a food staple for centuries. Used in cooking, baking or simply as a wholesome beverage, Milk is a great way to get calcium and protein into your diet. Whole milk contains at least 3.25% milk fat. When a portion of the milk\u2019s fat is removed, it becomes partly skimmed milk, such as 2% milk and 1% milk, depending on the quantity removed. Skim milk is virtually fat-free, with only about 0.1% fat.",
                                        "packageSizing": "4 l, $0.15/100ml",
                                        "pricing": {
                                            "price": "6.09",
                                            "wasPrice": null,
                                            "displayPrice": "$6.09",
                                            "memberOnlyPrice": null,
                                            "mopDisplayPrice": null
                                        },
                                        "pricingUnits": {
                                            "type": "SOLD_BY_EACH",
                                            "unit": "ea",
                                            "interval": 1,
                                            "minOrderQuantity": 1,
                                            "maxOrderQuantity": 25,
                                            "weighted": false
                                        },
                                        "deal": null,
                                        "mopDeal": null,
                                        "pcoDeal": null,
                                        "inventoryIndicator": null,
                                        "offerType": "OG",
                                        "offerId": "OG",
                                        "action": null,
                                        "isVariant": false,
                                        "link": "/partly-skimmed-milk-2-mf/p/20188873_EA",
                                        "productVendor": null,
                                        "productVariant": null,
                                        "textBadge": "",
                                        "variantTheme": null,
                                        "articleNumber": "20188873",
                                        "uom": "EA",
                                        "sponsoredCreative": null,
                                        "isSponsored": false,
                                        "isComplementarySponsored": false,
                                        "complementarySponsoredBadgeText": null,
                                        "productBadge": null
                                    },
                                    {
                                        "productId": "20139509001_KG",
                                        "productImage": [
                                            {
                                                "imageUrl": "https://assets.shop.loblaws.ca/products/20139509001/b2/en/front/20139509001_front_a06_@2.png",
                                                "smallUrl": "https://assets.shop.loblaws.ca/products/20139509001/b1/en/front/20139509001_front_a01_@2.png",
                                                "mediumUrl": "https://assets.shop.loblaws.ca/products/20139509001/b3/en/front/20139509001_front_a06_@2.png",
                                                "largeUrl": "https://assets.shop.loblaws.ca/products/20139509001/b2/en/front/20139509001_front_a06_@2.png",
                                                "smallRetinaUrl": "https://assets.shop.loblaws.ca/products/20139509001/b1/en/front/20139509001_front_a01_@2.png",
                                                "mediumRetinaUrl": "https://assets.shop.loblaws.ca/products/20139509001/b3/en/front/20139509001_front_a06_@2.png",
                                                "largeRetinaUrl": "https://assets.shop.loblaws.ca/products/20139509001/b2/en/front/20139509001_front_a06_@2.png"
                                            }
                                        ],
                                        "brand": "PC Organics",
                                        "title": "Organic Bananas, Bunch",
                                        "description": "<p>Sold by the bunch.</p><p>Average bunch has 6-8 bananas.</p><p> Bananas are typically 6-10 inches long and have a green peel when unripe. They taste best when the peel turns yellow and is speckled with dark spots. </p>",
                                        "packageSizing": "$2.62/1kg $1.19/1lb",
                                        "pricing": {
                                            "price": "2.88",
                                            "wasPrice": null,
                                            "displayPrice": "about $2.88",
                                            "memberOnlyPrice": null,
                                            "mopDisplayPrice": null
                                        },
                                        "pricingUnits": {
                                            "type": "SOLD_BY_EACH_PRICED_BY_WEIGHT",
                                            "unit": "ea",
                                            "interval": 1,
                                            "minOrderQuantity": 1,
                                            "maxOrderQuantity": 25,
                                            "weighted": false
                                        },
                                        "deal": null,
                                        "mopDeal": null,
                                        "pcoDeal": null,
                                        "inventoryIndicator": null,
                                        "offerType": "OG",
                                        "offerId": "OG",
                                        "action": null,
                                        "isVariant": false,
                                        "link": "/organic-bananas-bunch/p/20139509001_KG",
                                        "productVendor": null,
                                        "productVariant": null,
                                        "textBadge": "",
                                        "variantTheme": null,
                                        "articleNumber": "20139509001",
                                        "uom": "KG",
                                        "sponsoredCreative": null,
                                        "isSponsored": false,
                                        "isComplementarySponsored": false,
                                        "complementarySponsoredBadgeText": null,
                                        "productBadge": null
                                    },
                                    {
                                        "productId": "21547048_EA",
                                        "productImage": [
                                            {
                                                "imageUrl": "https://assets.shop.loblaws.ca/products/21547048/b2/en/front/21547048_front_a06_@2.png",
                                                "smallUrl": "https://assets.shop.loblaws.ca/products/21547048/b1/en/front/21547048_front_a01_@2.png",
                                                "mediumUrl": "https://assets.shop.loblaws.ca/products/21547048/b3/en/front/21547048_front_a06_@2.png",
                                                "largeUrl": "https://assets.shop.loblaws.ca/products/21547048/b2/en/front/21547048_front_a06_@2.png",
                                                "smallRetinaUrl": "https://assets.shop.loblaws.ca/products/21547048/b1/en/front/21547048_front_a01_@2.png",
                                                "mediumRetinaUrl": "https://assets.shop.loblaws.ca/products/21547048/b3/en/front/21547048_front_a06_@2.png",
                                                "largeRetinaUrl": "https://assets.shop.loblaws.ca/products/21547048/b2/en/front/21547048_front_a06_@2.png"
                                            },
                                            {
                                                "imageUrl": "https://assets.shop.loblaws.ca/products/21547048/b2/en/angle/21547048_angle_a06_@2.png",
                                                "smallUrl": "https://assets.shop.loblaws.ca/products/21547048/b1/en/angle/21547048_angle_a01_@2.png",
                                                "mediumUrl": "https://assets.shop.loblaws.ca/products/21547048/b3/en/angle/21547048_angle_a06_@2.png",
                                                "largeUrl": "https://assets.shop.loblaws.ca/products/21547048/b2/en/angle/21547048_angle_a06_@2.png",
                                                "smallRetinaUrl": "https://assets.shop.loblaws.ca/products/21547048/b1/en/angle/21547048_angle_a01_@2.png",
                                                "mediumRetinaUrl": "https://assets.shop.loblaws.ca/products/21547048/b3/en/angle/21547048_angle_a06_@2.png",
                                                "largeRetinaUrl": "https://assets.shop.loblaws.ca/products/21547048/b2/en/angle/21547048_angle_a06_@2.png"
                                            },
                                            {
                                                "imageUrl": "https://assets.shop.loblaws.ca/products/21547048/b2/en/side/21547048_side_a06_@2.png",
                                                "smallUrl": "https://assets.shop.loblaws.ca/products/21547048/b1/en/side/21547048_side_a01_@2.png",
                                                "mediumUrl": "https://assets.shop.loblaws.ca/products/21547048/b3/en/side/21547048_side_a06_@2.png",
                                                "largeUrl": "https://assets.shop.loblaws.ca/products/21547048/b2/en/side/21547048_side_a06_@2.png",
                                                "smallRetinaUrl": "https://assets.shop.loblaws.ca/products/21547048/b1/en/side/21547048_side_a01_@2.png",
                                                "mediumRetinaUrl": "https://assets.shop.loblaws.ca/products/21547048/b3/en/side/21547048_side_a06_@2.png",
                                                "largeRetinaUrl": "https://assets.shop.loblaws.ca/products/21547048/b2/en/side/21547048_side_a06_@2.png"
                                            },
                                            {
                                                "imageUrl": "https://assets.shop.loblaws.ca/products/21547048/b2/en/back/21547048_back_a06_@2.png",
                                                "smallUrl": "https://assets.shop.loblaws.ca/products/21547048/b1/en/back/21547048_back_a01_@2.png",
                                                "mediumUrl": "https://assets.shop.loblaws.ca/products/21547048/b3/en/back/21547048_back_a06_@2.png",
                                                "largeUrl": "https://assets.shop.loblaws.ca/products/21547048/b2/en/back/21547048_back_a06_@2.png",
                                                "smallRetinaUrl": "https://assets.shop.loblaws.ca/products/21547048/b1/en/back/21547048_back_a01_@2.png",
                                                "mediumRetinaUrl": "https://assets.shop.loblaws.ca/products/21547048/b3/en/back/21547048_back_a06_@2.png",
                                                "largeRetinaUrl": "https://assets.shop.loblaws.ca/products/21547048/b2/en/back/21547048_back_a06_@2.png"
                                            },
                                            {
                                                "imageUrl": "https://assets.shop.loblaws.ca/products/21547048/b2/en/top/21547048_top_a06_@2.png",
                                                "smallUrl": "https://assets.shop.loblaws.ca/products/21547048/b1/en/top/21547048_top_a01_@2.png",
                                                "mediumUrl": "https://assets.shop.loblaws.ca/products/21547048/b3/en/top/21547048_top_a06_@2.png",
                                                "largeUrl": "https://assets.shop.loblaws.ca/products/21547048/b2/en/top/21547048_top_a06_@2.png",
                                                "smallRetinaUrl": "https://assets.shop.loblaws.ca/products/21547048/b1/en/top/21547048_top_a01_@2.png",
                                                "mediumRetinaUrl": "https://assets.shop.loblaws.ca/products/21547048/b3/en/top/21547048_top_a06_@2.png",
                                                "largeRetinaUrl": "https://assets.shop.loblaws.ca/products/21547048/b2/en/top/21547048_top_a06_@2.png"
                                            },
                                            {
                                                "imageUrl": "https://assets.shop.loblaws.ca/products/21547048/b2/en/open/21547048_open_a06_@2.png",
                                                "smallUrl": "https://assets.shop.loblaws.ca/products/21547048/b1/en/open/21547048_open_a01_@2.png",
                                                "mediumUrl": "https://assets.shop.loblaws.ca/products/21547048/b3/en/open/21547048_open_a06_@2.png",
                                                "largeUrl": "https://assets.shop.loblaws.ca/products/21547048/b2/en/open/21547048_open_a06_@2.png",
                                                "smallRetinaUrl": "https://assets.shop.loblaws.ca/products/21547048/b1/en/open/21547048_open_a01_@2.png",
                                                "mediumRetinaUrl": "https://assets.shop.loblaws.ca/products/21547048/b3/en/open/21547048_open_a06_@2.png",
                                                "largeRetinaUrl": "https://assets.shop.loblaws.ca/products/21547048/b2/en/open/21547048_open_a06_@2.png"
                                            }
                                        ],
                                        "brand": "Christie",
                                        "title": "Wheat Thins Multigrain Crackers",
                                        "description": "<p>WHEAT THINS are thin, crispy wheat crackers with great taste and a big crunch. Enjoy a box of Wheat Thins Multigrain Crackers!</p><ul><li>One 180 g box of WHEAT THINS Multigrain crackers.</li><li>No artificial colours or flavours.</li><li>Baked with the goodness of wheat.</li><li>No cholesterol and low in saturated fat.</li><li>Each 20g serving contains 90 calories.</li></ul>",
                                        "packageSizing": "180 g, $1.38/100g",
                                        "pricing": {
                                            "price": "1.88",
                                            "wasPrice": null,
                                            "displayPrice": "$1.88",
                                            "memberOnlyPrice": null,
                                            "mopDisplayPrice": null
                                        },
                                        "pricingUnits": {
                                            "type": "SOLD_BY_EACH",
                                            "unit": "ea",
                                            "interval": 1,
                                            "minOrderQuantity": 1,
                                            "maxOrderQuantity": 25,
                                            "weighted": false
                                        },
                                        "deal": {
                                            "type": "LIMIT",
                                            "text": "Limit 6, after limit $2.49",
                                            "points": 0,
                                            "name": "LIMIT",
                                            "expiryDate": "2024-07-10T00:00:00Z",
                                            "dealPrice": 1.88
                                        },
                                        "mopDeal": null,
                                        "pcoDeal": null,
                                        "inventoryIndicator": null,
                                        "offerType": "OG",
                                        "offerId": "OG",
                                        "action": null,
                                        "isVariant": false,
                                        "link": "/wheat-thins-multigrain-crackers/p/21547048_EA",
                                        "productVendor": null,
                                        "productVariant": null,
                                        "textBadge": "",
                                        "variantTheme": null,
                                        "articleNumber": "21547048",
                                        "uom": "EA",
                                        "sponsoredCreative": null,
                                        "isSponsored": false,
                                        "isComplementarySponsored": false,
                                        "complementarySponsoredBadgeText": null,
                                        "productBadge": {
                                            "badgeId": "HOTM",
                                            "badgeClass": "badge04",
                                            "text": "Hit of the Month"
                                        }
                                    },
                                    {
                                        "productId": "21547049_EA",
                                        "productImage": [
                                            {
                                                "imageUrl": "https://assets.shop.loblaws.ca/products/21547049/b2/en/front/21547049_front_a06_@2.png",
                                                "smallUrl": "https://assets.shop.loblaws.ca/products/21547049/b1/en/front/21547049_front_a01_@2.png",
                                                "mediumUrl": "https://assets.shop.loblaws.ca/products/21547049/b3/en/front/21547049_front_a06_@2.png",
                                                "largeUrl": "https://assets.shop.loblaws.ca/products/21547049/b2/en/front/21547049_front_a06_@2.png",
                                                "smallRetinaUrl": "https://assets.shop.loblaws.ca/products/21547049/b1/en/front/21547049_front_a01_@2.png",
                                                "mediumRetinaUrl": "https://assets.shop.loblaws.ca/products/21547049/b3/en/front/21547049_front_a06_@2.png",
                                                "largeRetinaUrl": "https://assets.shop.loblaws.ca/products/21547049/b2/en/front/21547049_front_a06_@2.png"
                                            },
                                            {
                                                "imageUrl": "https://assets.shop.loblaws.ca/products/21547049/b2/en/angle/21547049_angle_a06_@2.png",
                                                "smallUrl": "https://assets.shop.loblaws.ca/products/21547049/b1/en/angle/21547049_angle_a01_@2.png",
                                                "mediumUrl": "https://assets.shop.loblaws.ca/products/21547049/b3/en/angle/21547049_angle_a06_@2.png",
                                                "largeUrl": "https://assets.shop.loblaws.ca/products/21547049/b2/en/angle/21547049_angle_a06_@2.png",
                                                "smallRetinaUrl": "https://assets.shop.loblaws.ca/products/21547049/b1/en/angle/21547049_angle_a01_@2.png",
                                                "mediumRetinaUrl": "https://assets.shop.loblaws.ca/products/21547049/b3/en/angle/21547049_angle_a06_@2.png",
                                                "largeRetinaUrl": "https://assets.shop.loblaws.ca/products/21547049/b2/en/angle/21547049_angle_a06_@2.png"
                                            },
                                            {
                                                "imageUrl": "https://assets.shop.loblaws.ca/products/21547049/b2/en/side/21547049_side_a06_@2.png",
                                                "smallUrl": "https://assets.shop.loblaws.ca/products/21547049/b1/en/side/21547049_side_a01_@2.png",
                                                "mediumUrl": "https://assets.shop.loblaws.ca/products/21547049/b3/en/side/21547049_side_a06_@2.png",
                                                "largeUrl": "https://assets.shop.loblaws.ca/products/21547049/b2/en/side/21547049_side_a06_@2.png",
                                                "smallRetinaUrl": "https://assets.shop.loblaws.ca/products/21547049/b1/en/side/21547049_side_a01_@2.png",
                                                "mediumRetinaUrl": "https://assets.shop.loblaws.ca/products/21547049/b3/en/side/21547049_side_a06_@2.png",
                                                "largeRetinaUrl": "https://assets.shop.loblaws.ca/products/21547049/b2/en/side/21547049_side_a06_@2.png"
                                            },
                                            {
                                                "imageUrl": "https://assets.shop.loblaws.ca/products/21547049/b2/en/back/21547049_back_a06_@2.png",
                                                "smallUrl": "https://assets.shop.loblaws.ca/products/21547049/b1/en/back/21547049_back_a01_@2.png",
                                                "mediumUrl": "https://assets.shop.loblaws.ca/products/21547049/b3/en/back/21547049_back_a06_@2.png",
                                                "largeUrl": "https://assets.shop.loblaws.ca/products/21547049/b2/en/back/21547049_back_a06_@2.png",
                                                "smallRetinaUrl": "https://assets.shop.loblaws.ca/products/21547049/b1/en/back/21547049_back_a01_@2.png",
                                                "mediumRetinaUrl": "https://assets.shop.loblaws.ca/products/21547049/b3/en/back/21547049_back_a06_@2.png",
                                                "largeRetinaUrl": "https://assets.shop.loblaws.ca/products/21547049/b2/en/back/21547049_back_a06_@2.png"
                                            },
                                            {
                                                "imageUrl": "https://assets.shop.loblaws.ca/products/21547049/b2/en/top/21547049_top_a06_@2.png",
                                                "smallUrl": "https://assets.shop.loblaws.ca/products/21547049/b1/en/top/21547049_top_a01_@2.png",
                                                "mediumUrl": "https://assets.shop.loblaws.ca/products/21547049/b3/en/top/21547049_top_a06_@2.png",
                                                "largeUrl": "https://assets.shop.loblaws.ca/products/21547049/b2/en/top/21547049_top_a06_@2.png",
                                                "smallRetinaUrl": "https://assets.shop.loblaws.ca/products/21547049/b1/en/top/21547049_top_a01_@2.png",
                                                "mediumRetinaUrl": "https://assets.shop.loblaws.ca/products/21547049/b3/en/top/21547049_top_a06_@2.png",
                                                "largeRetinaUrl": "https://assets.shop.loblaws.ca/products/21547049/b2/en/top/21547049_top_a06_@2.png"
                                            },
                                            {
                                                "imageUrl": "https://assets.shop.loblaws.ca/products/21547049/b2/en/open/21547049_open_a06_@2.png",
                                                "smallUrl": "https://assets.shop.loblaws.ca/products/21547049/b1/en/open/21547049_open_a01_@2.png",
                                                "mediumUrl": "https://assets.shop.loblaws.ca/products/21547049/b3/en/open/21547049_open_a06_@2.png",
                                                "largeUrl": "https://assets.shop.loblaws.ca/products/21547049/b2/en/open/21547049_open_a06_@2.png",
                                                "smallRetinaUrl": "https://assets.shop.loblaws.ca/products/21547049/b1/en/open/21547049_open_a01_@2.png",
                                                "mediumRetinaUrl": "https://assets.shop.loblaws.ca/products/21547049/b3/en/open/21547049_open_a06_@2.png",
                                                "largeRetinaUrl": "https://assets.shop.loblaws.ca/products/21547049/b2/en/open/21547049_open_a06_@2.png"
                                            }
                                        ],
                                        "brand": "Christie",
                                        "title": "Wheat Thins Original Crackers",
                                        "description": "<p>WHEAT THINS are thin, crispy wheat crackers with great taste and a big crunch. Enjoy a box of Wheat Thins Original Crackers!</p><ul><li>One 180 g box of WHEAT THINS Original crackers.</li><li>No artificial colours or flavours.</li><li>Baked with the goodness of wheat</li><li>No cholesterol and low in saturated fat</li><li>Each 20g serving contains 90 calories.</li></ul>",
                                        "packageSizing": "180 g, $1.38/100g",
                                        "pricing": {
                                            "price": "1.88",
                                            "wasPrice": null,
                                            "displayPrice": "$1.88",
                                            "memberOnlyPrice": null,
                                            "mopDisplayPrice": null
                                        },
                                        "pricingUnits": {
                                            "type": "SOLD_BY_EACH",
                                            "unit": "ea",
                                            "interval": 1,
                                            "minOrderQuantity": 1,
                                            "maxOrderQuantity": 25,
                                            "weighted": false
                                        },
                                        "deal": {
                                            "type": "LIMIT",
                                            "text": "Limit 6, after limit $2.49",
                                            "points": 0,
                                            "name": "LIMIT",
                                            "expiryDate": "2024-07-10T00:00:00Z",
                                            "dealPrice": 1.88
                                        },
                                        "mopDeal": null,
                                        "pcoDeal": null,
                                        "inventoryIndicator": null,
                                        "offerType": "OG",
                                        "offerId": "OG",
                                        "action": null,
                                        "isVariant": false,
                                        "link": "/wheat-thins-original-crackers/p/21547049_EA",
                                        "productVendor": null,
                                        "productVariant": null,
                                        "textBadge": "",
                                        "variantTheme": null,
                                        "articleNumber": "21547049",
                                        "uom": "EA",
                                        "sponsoredCreative": null,
                                        "isSponsored": false,
                                        "isComplementarySponsored": false,
                                        "complementarySponsoredBadgeText": null,
                                        "productBadge": {
                                            "badgeId": "HOTM",
                                            "badgeClass": "badge04",
                                            "text": "Hit of the Month"
                                        }
                                    },
                                    {
                                        "productId": "21547047_EA",
                                        "productImage": [
                                            {
                                                "imageUrl": "https://assets.shop.loblaws.ca/products/21547047/b2/en/front/21547047_front_a06_@2.png",
                                                "smallUrl": "https://assets.shop.loblaws.ca/products/21547047/b1/en/front/21547047_front_a01_@2.png",
                                                "mediumUrl": "https://assets.shop.loblaws.ca/products/21547047/b3/en/front/21547047_front_a06_@2.png",
                                                "largeUrl": "https://assets.shop.loblaws.ca/products/21547047/b2/en/front/21547047_front_a06_@2.png",
                                                "smallRetinaUrl": "https://assets.shop.loblaws.ca/products/21547047/b1/en/front/21547047_front_a01_@2.png",
                                                "mediumRetinaUrl": "https://assets.shop.loblaws.ca/products/21547047/b3/en/front/21547047_front_a06_@2.png",
                                                "largeRetinaUrl": "https://assets.shop.loblaws.ca/products/21547047/b2/en/front/21547047_front_a06_@2.png"
                                            },
                                            {
                                                "imageUrl": "https://assets.shop.loblaws.ca/products/21547047/b2/en/angle/21547047_angle_a06_@2.png",
                                                "smallUrl": "https://assets.shop.loblaws.ca/products/21547047/b1/en/angle/21547047_angle_a01_@2.png",
                                                "mediumUrl": "https://assets.shop.loblaws.ca/products/21547047/b3/en/angle/21547047_angle_a06_@2.png",
                                                "largeUrl": "https://assets.shop.loblaws.ca/products/21547047/b2/en/angle/21547047_angle_a06_@2.png",
                                                "smallRetinaUrl": "https://assets.shop.loblaws.ca/products/21547047/b1/en/angle/21547047_angle_a01_@2.png",
                                                "mediumRetinaUrl": "https://assets.shop.loblaws.ca/products/21547047/b3/en/angle/21547047_angle_a06_@2.png",
                                                "largeRetinaUrl": "https://assets.shop.loblaws.ca/products/21547047/b2/en/angle/21547047_angle_a06_@2.png"
                                            },
                                            {
                                                "imageUrl": "https://assets.shop.loblaws.ca/products/21547047/b2/en/side/21547047_side_a06_@2.png",
                                                "smallUrl": "https://assets.shop.loblaws.ca/products/21547047/b1/en/side/21547047_side_a01_@2.png",
                                                "mediumUrl": "https://assets.shop.loblaws.ca/products/21547047/b3/en/side/21547047_side_a06_@2.png",
                                                "largeUrl": "https://assets.shop.loblaws.ca/products/21547047/b2/en/side/21547047_side_a06_@2.png",
                                                "smallRetinaUrl": "https://assets.shop.loblaws.ca/products/21547047/b1/en/side/21547047_side_a01_@2.png",
                                                "mediumRetinaUrl": "https://assets.shop.loblaws.ca/products/21547047/b3/en/side/21547047_side_a06_@2.png",
                                                "largeRetinaUrl": "https://assets.shop.loblaws.ca/products/21547047/b2/en/side/21547047_side_a06_@2.png"
                                            },
                                            {
                                                "imageUrl": "https://assets.shop.loblaws.ca/products/21547047/b2/en/back/21547047_back_a06_@2.png",
                                                "smallUrl": "https://assets.shop.loblaws.ca/products/21547047/b1/en/back/21547047_back_a01_@2.png",
                                                "mediumUrl": "https://assets.shop.loblaws.ca/products/21547047/b3/en/back/21547047_back_a06_@2.png",
                                                "largeUrl": "https://assets.shop.loblaws.ca/products/21547047/b2/en/back/21547047_back_a06_@2.png",
                                                "smallRetinaUrl": "https://assets.shop.loblaws.ca/products/21547047/b1/en/back/21547047_back_a01_@2.png",
                                                "mediumRetinaUrl": "https://assets.shop.loblaws.ca/products/21547047/b3/en/back/21547047_back_a06_@2.png",
                                                "largeRetinaUrl": "https://assets.shop.loblaws.ca/products/21547047/b2/en/back/21547047_back_a06_@2.png"
                                            },
                                            {
                                                "imageUrl": "https://assets.shop.loblaws.ca/products/21547047/b2/en/top/21547047_top_a06_@2.png",
                                                "smallUrl": "https://assets.shop.loblaws.ca/products/21547047/b1/en/top/21547047_top_a01_@2.png",
                                                "mediumUrl": "https://assets.shop.loblaws.ca/products/21547047/b3/en/top/21547047_top_a06_@2.png",
                                                "largeUrl": "https://assets.shop.loblaws.ca/products/21547047/b2/en/top/21547047_top_a06_@2.png",
                                                "smallRetinaUrl": "https://assets.shop.loblaws.ca/products/21547047/b1/en/top/21547047_top_a01_@2.png",
                                                "mediumRetinaUrl": "https://assets.shop.loblaws.ca/products/21547047/b3/en/top/21547047_top_a06_@2.png",
                                                "largeRetinaUrl": "https://assets.shop.loblaws.ca/products/21547047/b2/en/top/21547047_top_a06_@2.png"
                                            }
                                        ],
                                        "brand": "Christie",
                                        "title": "Vegetable Thins Original Crackers",
                                        "description": "<p>Vegetable Thins\u00a0Crackers combine great cracker taste with the goodness of vegetables. They are made with real carrots, onions, celery, cabbage, tomato and red bell peppers for a natural and delicious vegetable taste. With these tasty bites, you won't feel bad about snacking.</p><ul><li>One 180g box of VEGETABLE THINS Original crackers</li><li>Baked in Canada</li><li>Seasoned with real carrot, onion, celery, cabbage, and red bell pepper for a delicious vegetable flavour</li><li>No cholesterol and low in saturated fat</li><li>Eat on its own or with a dip for a declicious snack</li></ul>",
                                        "packageSizing": "180 g, $1.38/100g",
                                        "pricing": {
                                            "price": "1.88",
                                            "wasPrice": null,
                                            "displayPrice": "$1.88",
                                            "memberOnlyPrice": null,
                                            "mopDisplayPrice": null
                                        },
                                        "pricingUnits": {
                                            "type": "SOLD_BY_EACH",
                                            "unit": "ea",
                                            "interval": 1,
                                            "minOrderQuantity": 1,
                                            "maxOrderQuantity": 25,
                                            "weighted": false
                                        },
                                        "deal": {
                                            "type": "LIMIT",
                                            "text": "Limit 6, after limit $2.49",
                                            "points": 0,
                                            "name": "LIMIT",
                                            "expiryDate": "2024-07-10T00:00:00Z",
                                            "dealPrice": 1.88
                                        },
                                        "mopDeal": null,
                                        "pcoDeal": null,
                                        "inventoryIndicator": null,
                                        "offerType": "OG",
                                        "offerId": "OG",
                                        "action": null,
                                        "isVariant": false,
                                        "link": "/vegetable-thins-original-crackers/p/21547047_EA",
                                        "productVendor": null,
                                        "productVariant": null,
                                        "textBadge": "",
                                        "variantTheme": null,
                                        "articleNumber": "21547047",
                                        "uom": "EA",
                                        "sponsoredCreative": null,
                                        "isSponsored": false,
                                        "isComplementarySponsored": false,
                                        "complementarySponsoredBadgeText": null,
                                        "productBadge": {
                                            "badgeId": "HOTM",
                                            "badgeClass": "badge04",
                                            "text": "Hit of the Month"
                                        }
                                    },
                                    {
                                        "productId": "20088387001_KG",
                                        "productImage": [
                                            {
                                                "imageUrl": "https://assets.shop.loblaws.ca/products/20088387001/b2/en/front/20088387001_front_a06_@2.png",
                                                "smallUrl": "https://assets.shop.loblaws.ca/products/20088387001/b1/en/front/20088387001_front_a01_@2.png",
                                                "mediumUrl": "https://assets.shop.loblaws.ca/products/20088387001/b3/en/front/20088387001_front_a06_@2.png",
                                                "largeUrl": "https://assets.shop.loblaws.ca/products/20088387001/b2/en/front/20088387001_front_a06_@2.png",
                                                "smallRetinaUrl": "https://assets.shop.loblaws.ca/products/20088387001/b1/en/front/20088387001_front_a01_@2.png",
                                                "mediumRetinaUrl": "https://assets.shop.loblaws.ca/products/20088387001/b3/en/front/20088387001_front_a06_@2.png",
                                                "largeRetinaUrl": "https://assets.shop.loblaws.ca/products/20088387001/b2/en/front/20088387001_front_a06_@2.png"
                                            }
                                        ],
                                        "brand": null,
                                        "title": "Jalapeno Peppers",
                                        "description": "Jalapeno peppers are slightly rounded chilies with smooth green skin that turns red when ripe. Jalapenos are popular because of their flavour and because they are easy to seed. Add jalapeno peppers to sauces and salsas. Scoville scale rating of 2,500 \u2013 8,000.",
                                        "packageSizing": "$11.00/1kg $4.99/1lb",
                                        "pricing": {
                                            "price": "0.55",
                                            "wasPrice": null,
                                            "displayPrice": "about $0.55",
                                            "memberOnlyPrice": null,
                                            "mopDisplayPrice": null
                                        },
                                        "pricingUnits": {
                                            "type": "SOLD_BY_EACH_PRICED_BY_WEIGHT",
                                            "unit": "ea",
                                            "interval": 1,
                                            "minOrderQuantity": 1,
                                            "maxOrderQuantity": 25,
                                            "weighted": false
                                        },
                                        "deal": null,
                                        "mopDeal": null,
                                        "pcoDeal": null,
                                        "inventoryIndicator": {
                                            "indicatorId": "LOW",
                                            "text": "Low Stock"
                                        },
                                        "offerType": "OG",
                                        "offerId": "OG",
                                        "action": null,
                                        "isVariant": false,
                                        "link": "/jalapeno-peppers/p/20088387001_KG",
                                        "productVendor": null,
                                        "productVariant": null,
                                        "textBadge": "low-inventory",
                                        "variantTheme": null,
                                        "articleNumber": "20088387001",
                                        "uom": "KG",
                                        "sponsoredCreative": null,
                                        "isSponsored": false,
                                        "isComplementarySponsored": false,
                                        "complementarySponsoredBadgeText": null,
                                        "productBadge": null
                                    },
                                    {
                                        "productId": "20121509001_EA",
                                        "productImage": [
                                            {
                                                "imageUrl": "https://assets.shop.loblaws.ca/products/20121509001/b2/en/front/20121509001_front_a06_@2.png",
                                                "smallUrl": "https://assets.shop.loblaws.ca/products/20121509001/b1/en/front/20121509001_front_a01_@2.png",
                                                "mediumUrl": "https://assets.shop.loblaws.ca/products/20121509001/b3/en/front/20121509001_front_a06_@2.png",
                                                "largeUrl": "https://assets.shop.loblaws.ca/products/20121509001/b2/en/front/20121509001_front_a06_@2.png",
                                                "smallRetinaUrl": "https://assets.shop.loblaws.ca/products/20121509001/b1/en/front/20121509001_front_a01_@2.png",
                                                "mediumRetinaUrl": "https://assets.shop.loblaws.ca/products/20121509001/b3/en/front/20121509001_front_a06_@2.png",
                                                "largeRetinaUrl": "https://assets.shop.loblaws.ca/products/20121509001/b2/en/front/20121509001_front_a06_@2.png"
                                            }
                                        ],
                                        "brand": null,
                                        "title": "Ataulfo Mango",
                                        "description": "Mangoes have a firm, fibrous orange flesh and sweet flavour. Their skin is typically greenish-yellow with a red blush covering most of it, but colour isn\u2019t a reliable way of way of testing for ripeness. Instead, squeeze the mango gently. If it\u2019s ripe it will give slightly. Enjoy mango on its own, in fruit salad, or chutney.",
                                        "packageSizing": "1 ea, $0.99/1ea",
                                        "pricing": {
                                            "price": "0.99",
                                            "wasPrice": "$2.49",
                                            "displayPrice": "$0.99",
                                            "memberOnlyPrice": null,
                                            "mopDisplayPrice": null
                                        },
                                        "pricingUnits": {
                                            "type": "SOLD_BY_EACH",
                                            "unit": "ea",
                                            "interval": 1,
                                            "minOrderQuantity": 1,
                                            "maxOrderQuantity": 25,
                                            "weighted": false
                                        },
                                        "deal": {
                                            "type": "SALE",
                                            "text": "SAVE $1.50",
                                            "points": 0,
                                            "name": "SALE",
                                            "expiryDate": "2024-07-10T00:00:00Z",
                                            "dealPrice": null
                                        },
                                        "mopDeal": null,
                                        "pcoDeal": null,
                                        "inventoryIndicator": null,
                                        "offerType": "OG",
                                        "offerId": "OG",
                                        "action": null,
                                        "isVariant": false,
                                        "link": "/ataulfo-mango/p/20121509001_EA",
                                        "productVendor": null,
                                        "productVariant": null,
                                        "textBadge": "",
                                        "variantTheme": null,
                                        "articleNumber": "20121509001",
                                        "uom": "EA",
                                        "sponsoredCreative": null,
                                        "isSponsored": false,
                                        "isComplementarySponsored": false,
                                        "complementarySponsoredBadgeText": null,
                                        "productBadge": null
                                    },
                                    {
                                        "productId": "20425893001_KG",
                                        "productImage": [
                                            {
                                                "imageUrl": "https://assets.shop.loblaws.ca/products/20425893001/b2/en/front/20425893001_front_a06_@2.png",
                                                "smallUrl": "https://assets.shop.loblaws.ca/products/20425893001/b1/en/front/20425893001_front_a01_@2.png",
                                                "mediumUrl": "https://assets.shop.loblaws.ca/products/20425893001/b3/en/front/20425893001_front_a06_@2.png",
                                                "largeUrl": "https://assets.shop.loblaws.ca/products/20425893001/b2/en/front/20425893001_front_a06_@2.png",
                                                "smallRetinaUrl": "https://assets.shop.loblaws.ca/products/20425893001/b1/en/front/20425893001_front_a01_@2.png",
                                                "mediumRetinaUrl": "https://assets.shop.loblaws.ca/products/20425893001/b3/en/front/20425893001_front_a06_@2.png",
                                                "largeRetinaUrl": "https://assets.shop.loblaws.ca/products/20425893001/b2/en/front/20425893001_front_a06_@2.png"
                                            }
                                        ],
                                        "brand": null,
                                        "title": "Sweet Green Peppers",
                                        "description": "Green bell peppers have a bright green skin and mild, sweet flavour. Their flesh is crisp and juicy, perfect for enjoying raw with dips or hummus. Green bell peppers will add some colour to your stir-fry, or remove the tops and seeds to make stuffed bell peppers.",
                                        "packageSizing": "$8.80/1kg $3.99/1lb",
                                        "pricing": {
                                            "price": "2.16",
                                            "wasPrice": null,
                                            "displayPrice": "about $2.16",
                                            "memberOnlyPrice": null,
                                            "mopDisplayPrice": null
                                        },
                                        "pricingUnits": {
                                            "type": "SOLD_BY_EACH_PRICED_BY_WEIGHT",
                                            "unit": "ea",
                                            "interval": 1,
                                            "minOrderQuantity": 1,
                                            "maxOrderQuantity": 25,
                                            "weighted": false
                                        },
                                        "deal": null,
                                        "mopDeal": null,
                                        "pcoDeal": null,
                                        "inventoryIndicator": {
                                            "indicatorId": "LOW",
                                            "text": "Low Stock"
                                        },
                                        "offerType": "OG",
                                        "offerId": "OG",
                                        "action": null,
                                        "isVariant": false,
                                        "link": "/sweet-green-peppers/p/20425893001_KG",
                                        "productVendor": null,
                                        "productVariant": null,
                                        "textBadge": "low-inventory",
                                        "variantTheme": null,
                                        "articleNumber": "20425893001",
                                        "uom": "KG",
                                        "sponsoredCreative": null,
                                        "isSponsored": false,
                                        "isComplementarySponsored": false,
                                        "complementarySponsoredBadgeText": null,
                                        "productBadge": null
                                    },
                                    {
                                        "productId": "20135377001_EA",
                                        "productImage": [
                                            {
                                                "imageUrl": "https://assets.shop.loblaws.ca/products/20135377001/b2/en/front/20135377001_front_a06_@2.png",
                                                "smallUrl": "https://assets.shop.loblaws.ca/products/20135377001/b1/en/front/20135377001_front_a01_@2.png",
                                                "mediumUrl": "https://assets.shop.loblaws.ca/products/20135377001/b3/en/front/20135377001_front_a06_@2.png",
                                                "largeUrl": "https://assets.shop.loblaws.ca/products/20135377001/b2/en/front/20135377001_front_a06_@2.png",
                                                "smallRetinaUrl": "https://assets.shop.loblaws.ca/products/20135377001/b1/en/front/20135377001_front_a01_@2.png",
                                                "mediumRetinaUrl": "https://assets.shop.loblaws.ca/products/20135377001/b3/en/front/20135377001_front_a06_@2.png",
                                                "largeRetinaUrl": "https://assets.shop.loblaws.ca/products/20135377001/b2/en/front/20135377001_front_a06_@2.png"
                                            }
                                        ],
                                        "brand": null,
                                        "title": "Cauliflower",
                                        "description": "Cauliflower is a cruciferous vegetable that comes in a tight cluster of florets surrounded by crisp green leaves. It is normally white but also comes in green, purple, and orange. Add raw cauliflower florets to your next vegetable platter or roast and serve as a simple side dish with meat or fish.",
                                        "packageSizing": "1 ea, $4.99/1ea",
                                        "pricing": {
                                            "price": "4.99",
                                            "wasPrice": null,
                                            "displayPrice": "$4.99",
                                            "memberOnlyPrice": null,
                                            "mopDisplayPrice": null
                                        },
                                        "pricingUnits": {
                                            "type": "SOLD_BY_EACH",
                                            "unit": "ea",
                                            "interval": 1,
                                            "minOrderQuantity": 1,
                                            "maxOrderQuantity": 25,
                                            "weighted": false
                                        },
                                        "deal": null,
                                        "mopDeal": null,
                                        "pcoDeal": null,
                                        "inventoryIndicator": null,
                                        "offerType": "OG",
                                        "offerId": "OG",
                                        "action": null,
                                        "isVariant": false,
                                        "link": "/cauliflower/p/20135377001_EA",
                                        "productVendor": null,
                                        "productVariant": null,
                                        "textBadge": "",
                                        "variantTheme": null,
                                        "articleNumber": "20135377001",
                                        "uom": "EA",
                                        "sponsoredCreative": null,
                                        "isSponsored": false,
                                        "isComplementarySponsored": false,
                                        "complementarySponsoredBadgeText": null,
                                        "productBadge": null
                                    },
                                    {
                                        "productId": "20972117_EA",
                                        "productImage": [
                                            {
                                                "imageUrl": "https://assets.shop.loblaws.ca/products/20972117/b2/en/front/20972117_front_a06_@2.png",
                                                "smallUrl": "https://assets.shop.loblaws.ca/products/20972117/b1/en/front/20972117_front_a01_@2.png",
                                                "mediumUrl": "https://assets.shop.loblaws.ca/products/20972117/b3/en/front/20972117_front_a06_@2.png",
                                                "largeUrl": "https://assets.shop.loblaws.ca/products/20972117/b2/en/front/20972117_front_a06_@2.png",
                                                "smallRetinaUrl": "https://assets.shop.loblaws.ca/products/20972117/b1/en/front/20972117_front_a01_@2.png",
                                                "mediumRetinaUrl": "https://assets.shop.loblaws.ca/products/20972117/b3/en/front/20972117_front_a06_@2.png",
                                                "largeRetinaUrl": "https://assets.shop.loblaws.ca/products/20972117/b2/en/front/20972117_front_a06_@2.png"
                                            }
                                        ],
                                        "brand": "Bodacious",
                                        "title": "Bodacious Cabernet Sauvignon (ID required at pick-up)",
                                        "description": "<p>Bodacious Cabernet is juicy, ripe and robust with aromas of blackberry and black currant</p><p>Ontario only: Prices shown here on the product page include applicable taxes andbottle deposit fees. Prices shown at checkout will be itemized separately toshow you the product price before applicable taxes and bottle deposit feesare added.</p><p>You must be of legal drinking age to purchasealcohol products. ID verification required at order pick-up. Please enjoyresponsibly.</p><p>Sandy\u2019s Law Warning: Drinking alcohol duringpregnancy can cause birth defects and brain damage to your baby.</p>",
                                        "packageSizing": "750 ml, $1.72/100ml",
                                        "pricing": {
                                            "price": "12.95",
                                            "wasPrice": null,
                                            "displayPrice": "$12.95",
                                            "memberOnlyPrice": null,
                                            "mopDisplayPrice": null
                                        },
                                        "pricingUnits": {
                                            "type": "SOLD_BY_EACH",
                                            "unit": "ea",
                                            "interval": 1,
                                            "minOrderQuantity": 1,
                                            "maxOrderQuantity": 25,
                                            "weighted": false
                                        },
                                        "deal": null,
                                        "mopDeal": null,
                                        "pcoDeal": null,
                                        "inventoryIndicator": null,
                                        "offerType": "OG",
                                        "offerId": "OG",
                                        "action": null,
                                        "isVariant": false,
                                        "link": "/bodacious-cabernet-sauvignon-id-required-at-pick-u/p/20972117_EA",
                                        "productVendor": null,
                                        "productVariant": null,
                                        "textBadge": "",
                                        "variantTheme": null,
                                        "articleNumber": "20972117",
                                        "uom": "EA",
                                        "sponsoredCreative": null,
                                        "isSponsored": false,
                                        "isComplementarySponsored": false,
                                        "complementarySponsoredBadgeText": null,
                                        "productBadge": null
                                    },
                                    {
                                        "productId": "21185186_C06",
                                        "productImage": [
                                            {
                                                "imageUrl": "https://assets.shop.loblaws.ca/products/21185186/b2/en/front/21185186_front_a06_@2.png",
                                                "smallUrl": "https://assets.shop.loblaws.ca/products/21185186/b1/en/front/21185186_front_a01_@2.png",
                                                "mediumUrl": "https://assets.shop.loblaws.ca/products/21185186/b3/en/front/21185186_front_a06_@2.png",
                                                "largeUrl": "https://assets.shop.loblaws.ca/products/21185186/b2/en/front/21185186_front_a06_@2.png",
                                                "smallRetinaUrl": "https://assets.shop.loblaws.ca/products/21185186/b1/en/front/21185186_front_a01_@2.png",
                                                "mediumRetinaUrl": "https://assets.shop.loblaws.ca/products/21185186/b3/en/front/21185186_front_a06_@2.png",
                                                "largeRetinaUrl": "https://assets.shop.loblaws.ca/products/21185186/b2/en/front/21185186_front_a06_@2.png"
                                            },
                                            {
                                                "imageUrl": "https://assets.shop.loblaws.ca/products/21185186/b2/en/angle/21185186_angle_a06_@2.png",
                                                "smallUrl": "https://assets.shop.loblaws.ca/products/21185186/b1/en/angle/21185186_angle_a01_@2.png",
                                                "mediumUrl": "https://assets.shop.loblaws.ca/products/21185186/b3/en/angle/21185186_angle_a06_@2.png",
                                                "largeUrl": "https://assets.shop.loblaws.ca/products/21185186/b2/en/angle/21185186_angle_a06_@2.png",
                                                "smallRetinaUrl": "https://assets.shop.loblaws.ca/products/21185186/b1/en/angle/21185186_angle_a01_@2.png",
                                                "mediumRetinaUrl": "https://assets.shop.loblaws.ca/products/21185186/b3/en/angle/21185186_angle_a06_@2.png",
                                                "largeRetinaUrl": "https://assets.shop.loblaws.ca/products/21185186/b2/en/angle/21185186_angle_a06_@2.png"
                                            },
                                            {
                                                "imageUrl": "https://assets.shop.loblaws.ca/products/21185186/b2/en/side/21185186_side_a06_@2.png",
                                                "smallUrl": "https://assets.shop.loblaws.ca/products/21185186/b1/en/side/21185186_side_a01_@2.png",
                                                "mediumUrl": "https://assets.shop.loblaws.ca/products/21185186/b3/en/side/21185186_side_a06_@2.png",
                                                "largeUrl": "https://assets.shop.loblaws.ca/products/21185186/b2/en/side/21185186_side_a06_@2.png",
                                                "smallRetinaUrl": "https://assets.shop.loblaws.ca/products/21185186/b1/en/side/21185186_side_a01_@2.png",
                                                "mediumRetinaUrl": "https://assets.shop.loblaws.ca/products/21185186/b3/en/side/21185186_side_a06_@2.png",
                                                "largeRetinaUrl": "https://assets.shop.loblaws.ca/products/21185186/b2/en/side/21185186_side_a06_@2.png"
                                            }
                                        ],
                                        "brand": "Miller",
                                        "title": "Lite Beer (ID required at pick-up)",
                                        "description": "Miller Lite is an American pilsner-style light lager beer.Tasting notes:  With its bright golden colour with a soft white crown of dense bubbles, it gives a fresh, fruity, clean nose with hints of sweet caramel and a satisfying hop flavour with malty notes and low bitterness taste. It\u2019s easy to drink and have a crisp and clean finish. ABV : 4%IBU : 7<p>Ontario only: Prices shown here on the product page include applicable taxes and bottle deposit fees. Prices shown at checkout will be itemized separately to show you the product price before applicable taxes and bottle deposit fees are added.</p><p>You must be of legal drinking age to purchase alcohol products. ID verification required at order pick-up. Please enjoy responsibly.</p><p>Sandy\u2019s Law Warning: Drinking alcohol during pregnancy can cause birth defects and brain damage to your baby.</p>",
                                        "packageSizing": "6x473.0 ml, $0.58/100ml",
                                        "pricing": {
                                            "price": "16.50",
                                            "wasPrice": null,
                                            "displayPrice": "$16.50",
                                            "memberOnlyPrice": null,
                                            "mopDisplayPrice": null
                                        },
                                        "pricingUnits": {
                                            "type": "SOLD_BY_EACH",
                                            "unit": "ea",
                                            "interval": 1,
                                            "minOrderQuantity": 1,
                                            "maxOrderQuantity": 25,
                                            "weighted": false
                                        },
                                        "deal": null,
                                        "mopDeal": null,
                                        "pcoDeal": null,
                                        "inventoryIndicator": null,
                                        "offerType": "OG",
                                        "offerId": "OG",
                                        "action": null,
                                        "isVariant": false,
                                        "link": "/lite-beer-id-required-at-pick-up/p/21185186_C06",
                                        "productVendor": null,
                                        "productVariant": null,
                                        "textBadge": "",
                                        "variantTheme": null,
                                        "articleNumber": "21185186",
                                        "uom": "C06",
                                        "sponsoredCreative": null,
                                        "isSponsored": false,
                                        "isComplementarySponsored": false,
                                        "complementarySponsoredBadgeText": null,
                                        "productBadge": null
                                    },
                                    {
                                        "productId": "21077570_EA",
                                        "productImage": [
                                            {
                                                "imageUrl": "https://assets.shop.loblaws.ca/products/21077570/b2/en/front/21077570_front_a06_@2.png",
                                                "smallUrl": "https://assets.shop.loblaws.ca/products/21077570/b1/en/front/21077570_front_a01_@2.png",
                                                "mediumUrl": "https://assets.shop.loblaws.ca/products/21077570/b3/en/front/21077570_front_a06_@2.png",
                                                "largeUrl": "https://assets.shop.loblaws.ca/products/21077570/b2/en/front/21077570_front_a06_@2.png",
                                                "smallRetinaUrl": "https://assets.shop.loblaws.ca/products/21077570/b1/en/front/21077570_front_a01_@2.png",
                                                "mediumRetinaUrl": "https://assets.shop.loblaws.ca/products/21077570/b3/en/front/21077570_front_a06_@2.png",
                                                "largeRetinaUrl": "https://assets.shop.loblaws.ca/products/21077570/b2/en/front/21077570_front_a06_@2.png"
                                            },
                                            {
                                                "imageUrl": "https://assets.shop.loblaws.ca/products/21077570/b2/en/angle/21077570_angle_a06_@2.png",
                                                "smallUrl": "https://assets.shop.loblaws.ca/products/21077570/b1/en/angle/21077570_angle_a01_@2.png",
                                                "mediumUrl": "https://assets.shop.loblaws.ca/products/21077570/b3/en/angle/21077570_angle_a06_@2.png",
                                                "largeUrl": "https://assets.shop.loblaws.ca/products/21077570/b2/en/angle/21077570_angle_a06_@2.png",
                                                "smallRetinaUrl": "https://assets.shop.loblaws.ca/products/21077570/b1/en/angle/21077570_angle_a01_@2.png",
                                                "mediumRetinaUrl": "https://assets.shop.loblaws.ca/products/21077570/b3/en/angle/21077570_angle_a06_@2.png",
                                                "largeRetinaUrl": "https://assets.shop.loblaws.ca/products/21077570/b2/en/angle/21077570_angle_a06_@2.png"
                                            },
                                            {
                                                "imageUrl": "https://assets.shop.loblaws.ca/products/21077570/b2/en/side/21077570_side_a06_@2.png",
                                                "smallUrl": "https://assets.shop.loblaws.ca/products/21077570/b1/en/side/21077570_side_a01_@2.png",
                                                "mediumUrl": "https://assets.shop.loblaws.ca/products/21077570/b3/en/side/21077570_side_a06_@2.png",
                                                "largeUrl": "https://assets.shop.loblaws.ca/products/21077570/b2/en/side/21077570_side_a06_@2.png",
                                                "smallRetinaUrl": "https://assets.shop.loblaws.ca/products/21077570/b1/en/side/21077570_side_a01_@2.png",
                                                "mediumRetinaUrl": "https://assets.shop.loblaws.ca/products/21077570/b3/en/side/21077570_side_a06_@2.png",
                                                "largeRetinaUrl": "https://assets.shop.loblaws.ca/products/21077570/b2/en/side/21077570_side_a06_@2.png"
                                            }
                                        ],
                                        "brand": "Bodacious",
                                        "title": "Bodacious Smooth White Blend Box (ID required at pick-up)",
                                        "description": "<p>Bodacious white blend is rich, crisp and fruit forward. Bodacious smooth white is a blend of Sauvignon blanc and Moscato that opens up with aromas of tropical fruit, citrus and peach.</p><p>Ontario only: Prices shown here on the product page include applicable taxes and bottle deposit fees. Prices shown at checkout will be itemized separately to show you the product price before applicable taxes and bottle deposit fees are added.</p><p>You must be of legal drinking age to purchase alcohol products. ID verification required at order pick-up. Please enjoy responsibly.</p><p>Sandy\u2019s Law Warning: Drinking alcohol during pregnancy can cause birth defects and brain damage to your baby.</p>",
                                        "packageSizing": "4000 ml, $1.21/100ml",
                                        "pricing": {
                                            "price": "47.95",
                                            "wasPrice": null,
                                            "displayPrice": "$47.95",
                                            "memberOnlyPrice": null,
                                            "mopDisplayPrice": null
                                        },
                                        "pricingUnits": {
                                            "type": "SOLD_BY_EACH",
                                            "unit": "ea",
                                            "interval": 1,
                                            "minOrderQuantity": 1,
                                            "maxOrderQuantity": 25,
                                            "weighted": false
                                        },
                                        "deal": null,
                                        "mopDeal": null,
                                        "pcoDeal": null,
                                        "inventoryIndicator": null,
                                        "offerType": "OG",
                                        "offerId": "OG",
                                        "action": null,
                                        "isVariant": false,
                                        "link": "/bodacious-smooth-white-blend-box-id-required-at-pi/p/21077570_EA",
                                        "productVendor": null,
                                        "productVariant": null,
                                        "textBadge": "",
                                        "variantTheme": null,
                                        "articleNumber": "21077570",
                                        "uom": "EA",
                                        "sponsoredCreative": null,
                                        "isSponsored": false,
                                        "isComplementarySponsored": false,
                                        "complementarySponsoredBadgeText": null,
                                        "productBadge": null
                                    },
                                    {
                                        "productId": "21296698_C06",
                                        "productImage": [
                                            {
                                                "imageUrl": "https://assets.shop.loblaws.ca/products/21296698/b2/en/front/21296698_front_a06_@2.png",
                                                "smallUrl": "https://assets.shop.loblaws.ca/products/21296698/b1/en/front/21296698_front_a01_@2.png",
                                                "mediumUrl": "https://assets.shop.loblaws.ca/products/21296698/b3/en/front/21296698_front_a06_@2.png",
                                                "largeUrl": "https://assets.shop.loblaws.ca/products/21296698/b2/en/front/21296698_front_a06_@2.png",
                                                "smallRetinaUrl": "https://assets.shop.loblaws.ca/products/21296698/b1/en/front/21296698_front_a01_@2.png",
                                                "mediumRetinaUrl": "https://assets.shop.loblaws.ca/products/21296698/b3/en/front/21296698_front_a06_@2.png",
                                                "largeRetinaUrl": "https://assets.shop.loblaws.ca/products/21296698/b2/en/front/21296698_front_a06_@2.png"
                                            }
                                        ],
                                        "brand": "Busch",
                                        "title": "Beer (ID required at pick-up)",
                                        "description": "First introduced in 1955, Busch is brewed, fermented and aged to create a smooth, refreshing taste at 4.7% alcohol by volume. Buschis an American-style lager, brewed in Canada with the Anheuser-Busch tradition of excellence.<p>Ontario only: Prices shown here on the product page include applicable taxes and bottle deposit fees. Prices shown at checkout will be itemized separately to show you the product price before applicable taxes and bottle deposit fees are added.</p><p>You must be of legal drinking age to purchase alcohol products. ID verification required at order pick-up. Please enjoy responsibly.</p><p>Sandy\u2019s Law Warning: Drinking alcohol during pregnancy can cause birth defects and brain damage to your baby.</p>",
                                        "packageSizing": "6x473.0 ml, $0.47/100ml",
                                        "pricing": {
                                            "price": "13.45",
                                            "wasPrice": null,
                                            "displayPrice": "$13.45",
                                            "memberOnlyPrice": null,
                                            "mopDisplayPrice": null
                                        },
                                        "pricingUnits": {
                                            "type": "SOLD_BY_EACH",
                                            "unit": "ea",
                                            "interval": 1,
                                            "minOrderQuantity": 1,
                                            "maxOrderQuantity": 25,
                                            "weighted": false
                                        },
                                        "deal": null,
                                        "mopDeal": null,
                                        "pcoDeal": null,
                                        "inventoryIndicator": null,
                                        "offerType": "OG",
                                        "offerId": "OG",
                                        "action": null,
                                        "isVariant": false,
                                        "link": "/beer-id-required-at-pick-up/p/21296698_C06",
                                        "productVendor": null,
                                        "productVariant": null,
                                        "textBadge": "",
                                        "variantTheme": null,
                                        "articleNumber": "21296698",
                                        "uom": "C06",
                                        "sponsoredCreative": null,
                                        "isSponsored": false,
                                        "isComplementarySponsored": false,
                                        "complementarySponsoredBadgeText": null,
                                        "productBadge": null
                                    },
                                    {
                                        "productId": "21440073_EA",
                                        "productImage": [
                                            {
                                                "imageUrl": "https://assets.shop.loblaws.ca/products/21440073/b2/en/front/21440073_front_a06_@2.png",
                                                "smallUrl": "https://assets.shop.loblaws.ca/products/21440073/b1/en/front/21440073_front_a01_@2.png",
                                                "mediumUrl": "https://assets.shop.loblaws.ca/products/21440073/b3/en/front/21440073_front_a06_@2.png",
                                                "largeUrl": "https://assets.shop.loblaws.ca/products/21440073/b2/en/front/21440073_front_a06_@2.png",
                                                "smallRetinaUrl": "https://assets.shop.loblaws.ca/products/21440073/b1/en/front/21440073_front_a01_@2.png",
                                                "mediumRetinaUrl": "https://assets.shop.loblaws.ca/products/21440073/b3/en/front/21440073_front_a06_@2.png",
                                                "largeRetinaUrl": "https://assets.shop.loblaws.ca/products/21440073/b2/en/front/21440073_front_a06_@2.png"
                                            }
                                        ],
                                        "brand": "BASK",
                                        "title": "Sparkling Wine Beverage Sangria Wine Spritz (ID required at pick-up)",
                                        "description": "</p><p>Ontario only: Prices shown here on the product page include applicable taxes and bottle deposit fees. Prices shown at checkout will be itemized separately to show you the product price before applicable taxes and bottle deposit fees are added.</p><p>You must be of legal drinking age to purchase alcohol products. ID verification required at order pick-up. Please enjoy responsibly.</p><p>Sandy\u2019s Law Warning: Drinking alcohol during pregnancy can cause birth defects and brain damage to your baby.</p>",
                                        "packageSizing": "355 ml, $1.11/100ml",
                                        "pricing": {
                                            "price": "3.95",
                                            "wasPrice": null,
                                            "displayPrice": "$3.95",
                                            "memberOnlyPrice": null,
                                            "mopDisplayPrice": null
                                        },
                                        "pricingUnits": {
                                            "type": "SOLD_BY_EACH",
                                            "unit": "ea",
                                            "interval": 1,
                                            "minOrderQuantity": 1,
                                            "maxOrderQuantity": 25,
                                            "weighted": false
                                        },
                                        "deal": {
                                            "type": "MULTI",
                                            "text": "8 FOR $25.84",
                                            "points": 0,
                                            "name": "MULTI",
                                            "expiryDate": null,
                                            "dealPrice": null
                                        },
                                        "mopDeal": null,
                                        "pcoDeal": null,
                                        "inventoryIndicator": null,
                                        "offerType": "OG",
                                        "offerId": "OG",
                                        "action": null,
                                        "isVariant": false,
                                        "link": "/sparkling-wine-beverage-sangria-wine-spritz-id-req/p/21440073_EA",
                                        "productVendor": null,
                                        "productVariant": null,
                                        "textBadge": "",
                                        "variantTheme": null,
                                        "articleNumber": "21440073",
                                        "uom": "EA",
                                        "sponsoredCreative": null,
                                        "isSponsored": false,
                                        "isComplementarySponsored": false,
                                        "complementarySponsoredBadgeText": null,
                                        "productBadge": null
                                    }
                                ]
                            }
                        }
                    }
                ]
            }
        }
    },
    "viewMetaData": {
        "headline": "Food - Shop for  Products Online | loblaw",
        "description": "Browse products in Food on loblaw near you. Schedule Delivery or Pickups Online. Subject to Availability.",
        "addMetaNoRobots": false,
        "canonicalUrlSlug": "/food/c/27985",
        "jsonLd": null
    },
    "theme": {
        "name": "pcx-web-pcx",
        "version": "latest",
        "env": "production"
    }
}