[
  {
    "name": "Bananas, Bunch",
    "price": "about $1.75",
    "sale_price": "",
    "previous_price": "",
    "image_url": "https://assets.shop.loblaws.ca/products/20175355001/b3/en/front/20175355001_front_a06_@2.png",
    "link": "https://www.loblaws.ca/bananas-bunch/p/20175355001_KG?source=nspt",
    "brand": "",
    "package_size": "$1.52/1kg",
    "unit_price": "$0.69/1lb",
    "stock": "In stock",
    "points": ""
  },
  {
    "name": "Strawberries 1LB",
    "price": "",
    "sale_price": "$1.99",
    "previous_price": "$3.49",
    "image_url": "https://assets.shop.loblaws.ca/products/20049778001/b3/en/front/20049778001_front_a06_@2.png",
    "link": "https://www.loblaws.ca/strawberries-1lb/p/20049778001_EA?source=nspt",
    "brand": "",
    "package_size": "454 g",
    "unit_price": "$0.44/100g",
    "stock": "In stock",
    "points": ""
  },
  {
    "name": "Blueberries 1 pint",
    "price": "$5.99",
    "sale_price": "",
    "previous_price": "",
    "image_url": "https://assets.shop.loblaws.ca/products/20080137001/b3/en/front/20080137001_front_a06_@2.png",
    "link": "https://www.loblaws.ca/blueberries-1-pint/p/20080137001_EA?source=nspt",
    "brand": "",
    "package_size": "340 g",
    "unit_price": "$1.76/100g",
    "stock": "In stock",
    "points": ""
  },
  {
    "name": "Extra Large Green Seedless Grapes",
    "price": "about $11.22",
    "sale_price": "",
    "previous_price": "",
    "image_url": "https://assets.shop.loblaws.ca/products/20425775001/b3/en/front/20425775001_front_a06_@2.png",
    "link": "https://www.loblaws.ca/extra-large-green-seedless-grapes/p/20425775001_KG?source=nspt",
    "brand": "",
    "package_size": "$11.00/1kg",
    "unit_price": "$4.99/1lb",
    "stock": "In stock",
    "points": ""
  },
  {
    "name": "Red Seedless Watermelon",
    "price": "",
    "sale_price": "$7.99",
    "previous_price": "$10.99",
    "image_url": "https://assets.shop.loblaws.ca/products/20067326001/b3/en/front/20067326001_front_a06_@2.png",
    "link": "https://www.loblaws.ca/red-seedless-watermelon/p/20067326001_EA?source=nspt",
    "brand": "",
    "package_size": "1 ea",
    "unit_price": "$7.99/1ea",
    "stock": "In stock",
    "points": ""
  },
  {
    "name": "Avocados Bag, 5-Pack",
    "price": "$6.99",
    "sale_price": "",
    "previous_price": "",
    "image_url": "https://assets.shop.loblaws.ca/products/20142232001/b3/en/front/20142232001_front_a06_@2.png",
    "link": "https://www.loblaws.ca/avocados-bag-5-pack/p/20142232001_EA?source=nspt",
    "brand": "",
    "package_size": "1 ea",
    "unit_price": "$1.40/1ea",
    "stock": "In stock",
    "points": ""
  },
  {
    "name": "Extra Large Red Seedless Grapes",
    "price": "about $10.89",
    "sale_price": "",
    "previous_price": "",
    "image_url": "https://assets.shop.loblaws.ca/products/20159199001/b3/en/front/20159199001_front_a06_@2.png",
    "link": "https://www.loblaws.ca/extra-large-red-seedless-grapes/p/20159199001_KG?source=nspt",
    "brand": "",
    "package_size": "$11.00/1kg",
    "unit_price": "$4.99/1lb",
    "stock": "In stock",
    "points": ""
  },
  {
    "name": "Lemon",
    "price": "$0.99",
    "sale_price": "",
    "previous_price": "",
    "image_url": "https://assets.shop.loblaws.ca/products/20028593001/b3/en/front/20028593001_front_a06_@2.png",
    "link": "https://www.loblaws.ca/lemon/p/20028593001_EA?source=nspt",
    "brand": "",
    "package_size": "1 ea",
    "unit_price": "$0.99/1ea",
    "stock": "In stock",
    "points": ""
  },
  {
    "name": "Raspberries 1/2 pint",
    "price": "",
    "sale_price": "$3.49",
    "previous_price": "$4.99",
    "image_url": "https://assets.shop.loblaws.ca/products/20128938001/b3/en/front/20128938001_front_a06_@2.png",
    "link": "https://www.loblaws.ca/raspberries-1-2-pint/p/20128938001_EA?source=nspt",
    "brand": "",
    "package_size": "170 g",
    "unit_price": "$2.05/100g",
    "stock": "In stock",
    "points": ""
  },
  {
    "name": "Limes",
    "price": "$0.99",
    "sale_price": "",
    "previous_price": "",
    "image_url": "https://assets.shop.loblaws.ca/products/20040489001/b3/en/front/20040489001_front_a06_@2.png",
    "link": "https://www.loblaws.ca/limes/p/20040489001_EA?source=nspt",
    "brand": "",
    "package_size": "1 ea",
    "unit_price": "$0.99/1ea",
    "stock": "In stock",
    "points": ""
  },
  {
    "name": "Cantaloupe",
    "price": "$5.99",
    "sale_price": "",
    "previous_price": "",
    "image_url": "https://assets.shop.loblaws.ca/products/20167017001/b3/en/front/20167017001_front_a06_@2.png",
    "link": "https://www.loblaws.ca/cantaloupe/p/20167017001_EA?source=nspt",
    "brand": "",
    "package_size": "1 ea",
    "unit_price": "$5.99/1ea",
    "stock": "In stock",
    "points": ""
  },
  {
    "name": "Strawberries 2LB",
    "price": "$8.99",
    "sale_price": "",
    "previous_price": "",
    "image_url": "https://assets.shop.loblaws.ca/products/20069661001/b3/en/front/20069661001_front_a06_@2.png",
    "link": "https://www.loblaws.ca/strawberries-2lb/p/20069661001_EA?source=nspt",
    "brand": "",
    "package_size": "907 g",
    "unit_price": "$0.99/100g",
    "stock": "Out of Stock",
    "points": ""
  },
  {
    "name": "Blackberries 1/2 Pint",
    "price": "",
    "sale_price": "$1.99",
    "previous_price": "$4.99",
    "image_url": "https://assets.shop.loblaws.ca/products/20051015001/b3/en/front/20051015001_front_a06_@2.png",
    "link": "https://www.loblaws.ca/blackberries-1-2-pint/p/20051015001_EA?source=nspt",
    "brand": "",
    "package_size": "170 g",
    "unit_price": "$1.17/100g",
    "stock": "In stock",
    "points": ""
  },
  {
    "name": "Organic Bananas, Bunch",
    "price": "about $2.88",
    "sale_price": "",
    "previous_price": "",
    "image_url": "https://assets.shop.loblaws.ca/products/20139509001/b3/en/front/20139509001_front_a06_@2.png",
    "link": "https://www.loblaws.ca/organic-bananas-bunch/p/20139509001_KG?source=nspt",
    "brand": "PC Organics",
    "package_size": "$2.62/1kg",
    "unit_price": "$1.19/1lb",
    "stock": "In stock",
    "points": ""
  },
  {
    "name": "Mango",
    "price": "$2.99",
    "sale_price": "",
    "previous_price": "",
    "image_url": "https://assets.shop.loblaws.ca/products/20059635001/b3/en/front/20059635001_front_a06_@2.png",
    "link": "https://www.loblaws.ca/mango/p/20059635001_EA?source=nspt",
    "brand": "",
    "package_size": "1 ea",
    "unit_price": "$2.99/1ea",
    "stock": "In stock",
    "points": ""
  },
  {
    "name": "Navel Oranges, 3 lb Bag",
    "price": "$3.49",
    "sale_price": "",
    "previous_price": "",
    "image_url": "https://assets.shop.loblaws.ca/products/20162945001/b3/en/front/20162945001_front_a06_@2.png",
    "link": "https://www.loblaws.ca/navel-oranges-3-lb-bag/p/20162945001_EA?source=nspt",
    "brand": "Farmer's Market",
    "package_size": "1.36 kg",
    "unit_price": "$0.26/100g",
    "stock": "In stock",
    "points": ""
  },
  {
    "name": "Bartlett Pears",
    "price": "about $1.38",
    "sale_price": "",
    "previous_price": "",
    "image_url": "https://assets.shop.loblaws.ca/products/20172240001/b3/en/front/20172240001_front_a06_@2.png",
    "link": "https://www.loblaws.ca/bartlett-pears/p/20172240001_KG?source=nspt",
    "brand": "",
    "package_size": "$6.59/1kg",
    "unit_price": "$2.99/1lb",
    "stock": "In stock",
    "points": ""
  },
  {
    "name": "Royal Gala Apples",
    "price": "about $1.38",
    "sale_price": "",
    "previous_price": "",
    "image_url": "https://assets.shop.loblaws.ca/products/20083526001/b3/en/front/20083526001_front_a06_@2.png",
    "link": "https://www.loblaws.ca/royal-gala-apples/p/20083526001_KG?source=nspt",
    "brand": "",
    "package_size": "$6.59/1kg",
    "unit_price": "$2.99/1lb",
    "stock": "In stock",
    "points": ""
  },
  {
    "name": "Navel Orange",
    "price": "about $1.51",
    "sale_price": "",
    "previous_price": "",
    "image_url": "https://assets.shop.loblaws.ca/products/20426078001/b3/en/front/20426078001_front_a06_@2.png",
    "link": "https://www.loblaws.ca/navel-orange/p/20426078001_KG?source=nspt",
    "brand": "",
    "package_size": "$4.32/1kg",
    "unit_price": "$1.96/1lb",
    "stock": "In stock",
    "points": ""
  },
  {
    "name": "Raspberry Pint ",
    "price": "$9.99",
    "sale_price": "",
    "previous_price": "",
    "image_url": "https://assets.shop.loblaws.ca/products/20034947001/b3/en/front/20034947001_front_a06_@2.png",
    "link": "https://www.loblaws.ca/raspberry-pint/p/20034947001_EA?source=nspt",
    "brand": "",
    "package_size": "340 g",
    "unit_price": "$2.94/100g",
    "stock": "In stock",
    "points": ""
  },
  {
    "name": "Honeycrisp Apples",
    "price": "about $2.11",
    "sale_price": "",
    "previous_price": "",
    "image_url": "https://assets.shop.loblaws.ca/products/20132621001/b3/en/front/20132621001_front_a06_@2.png",
    "link": "https://www.loblaws.ca/honeycrisp-apples/p/20132621001_KG?source=nspt",
    "brand": "",
    "package_size": "$8.80/1kg",
    "unit_price": "$3.99/1lb",
    "stock": "In stock",
    "points": ""
  },
  {
    "name": "Ataulfo Mango",
    "price": "$1.99",
    "sale_price": "",
    "previous_price": "",
    "image_url": "https://assets.shop.loblaws.ca/products/20121509001/b3/en/front/20121509001_front_a06_@2.png",
    "link": "https://www.loblaws.ca/ataulfo-mango/p/20121509001_EA?source=nspt",
    "brand": "",
    "package_size": "1 ea",
    "unit_price": "$1.99/1ea",
    "stock": "In stock",
    "points": ""
  },
  {
    "name": "Granny Smith Apples",
    "price": "about $1.32",
    "sale_price": "",
    "previous_price": "",
    "image_url": "https://assets.shop.loblaws.ca/products/20253488001/b3/en/front/20253488001_front_a06_@2.png",
    "link": "https://www.loblaws.ca/granny-smith-apples/p/20253488001_KG?source=nspt",
    "brand": "",
    "package_size": "$6.59/1kg",
    "unit_price": "$2.99/1lb",
    "stock": "In stock",
    "points": ""
  },
  {
    "name": "Ontario Greenhouse-Grown Strawberries ",
    "price": "$6.99",
    "sale_price": "",
    "previous_price": "",
    "image_url": "https://assets.shop.loblaws.ca/products/21027142001/b3/en/front/21027142001_front_a06_@2.png",
    "link": "https://www.loblaws.ca/ontario-greenhouse-grown-strawberries/p/21027142001_EA?source=nspt",
    "brand": "President's Choice",
    "package_size": "340 g",
    "unit_price": "$2.06/100g",
    "stock": "In stock",
    "points": ""
  },
  {
    "name": "Avocado",
    "price": "$2.49",
    "sale_price": "",
    "previous_price": "",
    "image_url": "https://assets.shop.loblaws.ca/products/20055266001/b3/en/front/20055266001_front_a06_@2.png",
    "link": "https://www.loblaws.ca/avocado/p/20055266001_EA?source=nspt",
    "brand": "",
    "package_size": "1 ea",
    "unit_price": "$2.49/1ea",
    "stock": "In stock",
    "points": ""
  },
  {
    "name": "Blueberries",
    "price": "$7.99",
    "sale_price": "",
    "previous_price": "",
    "image_url": "https://assets.shop.loblaws.ca/products/20338666001/b3/en/front/20338666001_front_a06_@2.png",
    "link": "https://www.loblaws.ca/blueberries/p/20338666001_EA?source=nspt",
    "brand": "",
    "package_size": "510 g",
    "unit_price": "$1.57/100g",
    "stock": "In stock",
    "points": ""
  },
  {
    "name": "Mandarin Oranges, 2 lb bag",
    "price": "$5.99",
    "sale_price": "",
    "previous_price": "",
    "image_url": "https://assets.shop.loblaws.ca/products/20099819001/b3/en/front/20099819001_front_a06_@2.png",
    "link": "https://www.loblaws.ca/mandarin-oranges-2-lb-bag/p/20099819001_EA?source=nspt",
    "brand": "Farmer's Market",
    "package_size": "907 g",
    "unit_price": "$0.66/100g",
    "stock": "In stock",
    "points": ""
  },
  {
    "name": "Gala Apples, 4 lb bag",
    "price": "$8.99",
    "sale_price": "",
    "previous_price": "",
    "image_url": "https://assets.shop.loblaws.ca/products/20767998001/b3/en/front/20767998001_front_a06_@2.png",
    "link": "https://www.loblaws.ca/gala-apples-4-lb-bag/p/20767998001_EA?source=nspt",
    "brand": "Farmer's Market",
    "package_size": "1.81 kg",
    "unit_price": "$0.50/100g",
    "stock": "In stock",
    "points": ""
  },
  {
    "name": "Black Plums",
    "price": "about $0.88",
    "sale_price": "",
    "previous_price": "",
    "image_url": "https://assets.shop.loblaws.ca/products/20316478001/b3/en/front/20316478001_front_a06_@2.png",
    "link": "https://www.loblaws.ca/black-plums/p/20316478001_KG?source=nspt",
    "brand": "",
    "package_size": "$8.80/1kg",
    "unit_price": "$3.99/1lb",
    "stock": "In stock",
    "points": ""
  },
  {
    "name": "Kiwis",
    "price": "$1.29",
    "sale_price": "",
    "previous_price": "",
    "image_url": "https://assets.shop.loblaws.ca/products/20130242001/b3/en/front/20130242001_front_a06_@2.png",
    "link": "https://www.loblaws.ca/kiwis/p/20130242001_EA?source=nspt",
    "brand": "",
    "package_size": "1 ea",
    "unit_price": "$1.29/1ea",
    "stock": "In stock",
    "points": ""
  },
  {
    "name": "Lemons, 2 lb Bag",
    "price": "",
    "sale_price": "$3.99",
    "previous_price": "$5.99",
    "image_url": "https://assets.shop.loblaws.ca/products/20795315001/b3/en/front/20795315001_front_a06_@2.png",
    "link": "https://www.loblaws.ca/lemons-2-lb-bag/p/20795315001_EA?source=nspt",
    "brand": "Farmer's Market",
    "package_size": "907 g",
    "unit_price": "$0.44/100g",
    "stock": "In stock",
    "points": ""
  },
  {
    "name": "Pink Lady Apples",
    "price": "about $1.38",
    "sale_price": "",
    "previous_price": "",
    "image_url": "https://assets.shop.loblaws.ca/products/20093376001/b3/en/front/20093376001_front_a06_@2.png",
    "link": "https://www.loblaws.ca/pink-lady-apples/p/20093376001_KG?source=nspt",
    "brand": "",
    "package_size": "$6.59/1kg",
    "unit_price": "$2.99/1lb",
    "stock": "In stock",
    "points": ""
  },
  {
    "name": "Mandarin, 4 lb bag",
    "price": "$7.99",
    "sale_price": "",
    "previous_price": "",
    "image_url": "https://assets.shop.loblaws.ca/products/20054025001/b3/en/front/20054025001_front_a06_@2.png",
    "link": "https://www.loblaws.ca/mandarin-4-lb-bag/p/20054025001_EA?source=nspt",
    "brand": "Farmer's Market",
    "package_size": "1.8 kg",
    "unit_price": "$0.44/100g",
    "stock": "In stock",
    "points": ""
  },
  {
    "name": "Blackberries 1 pint",
    "price": "$8.99",
    "sale_price": "",
    "previous_price": "",
    "image_url": "https://assets.shop.loblaws.ca/products/20138228001/b3/en/front/20138228001_front_a06_@2.png",
    "link": "https://www.loblaws.ca/blackberries-1-pint/p/20138228001_EA?source=nspt",
    "brand": "",
    "package_size": "340 g",
    "unit_price": "$2.64/100g",
    "stock": "In stock",
    "points": ""
  },
  {
    "name": "Mini Seedless Watermelon",
    "price": "$6.99",
    "sale_price": "",
    "previous_price": "",
    "image_url": "https://assets.shop.loblaws.ca/products/20145379001/b3/en/front/20145379001_front_a06_@2.png",
    "link": "https://www.loblaws.ca/mini-seedless-watermelon/p/20145379001_EA?source=nspt",
    "brand": "",
    "package_size": "1 ea",
    "unit_price": "$6.99/1ea",
    "stock": "In stock",
    "points": ""
  },
  {
    "name": "Plantains, Single",
    "price": "about $1.23",
    "sale_price": "",
    "previous_price": "",
    "image_url": "https://assets.shop.loblaws.ca/products/20111926001/b3/en/front/20111926001_front_a06_@2.png",
    "link": "https://www.loblaws.ca/plantains-single/p/20111926001_KG?source=nspt",
    "brand": "",
    "package_size": "$3.73/1kg",
    "unit_price": "$1.69/1lb",
    "stock": "In stock",
    "points": ""
  },
  {
    "name": "Organic Strawberries 1 LB",
    "price": "$7.99",
    "sale_price": "",
    "previous_price": "",
    "image_url": "https://assets.shop.loblaws.ca/products/20313872001/b3/en/front/20313872001_front_a06_@2.png",
    "link": "https://www.loblaws.ca/organic-strawberries-1-lb/p/20313872001_EA?source=nspt",
    "brand": "",
    "package_size": "454 g",
    "unit_price": "$1.76/100g",
    "stock": "In stock",
    "points": ""
  },
  {
    "name": "Naturally Imperfect Limes",
    "price": "$7.99",
    "sale_price": "",
    "previous_price": "",
    "image_url": "https://assets.shop.loblaws.ca/products/21124368001/b3/en/front/21124368001_front_a06_@2.png",
    "link": "https://www.loblaws.ca/naturally-imperfect-limes/p/21124368001_EA?source=nspt",
    "brand": "No Name",
    "package_size": "907 g",
    "unit_price": "$0.88/100g",
    "stock": "In stock",
    "points": ""
  },
  {
    "name": "Red Delicious Apples",
    "price": "about $1.38",
    "sale_price": "",
    "previous_price": "",
    "image_url": "https://assets.shop.loblaws.ca/products/20073899001/b3/en/front/20073899001_front_a06_@2.png",
    "link": "https://www.loblaws.ca/red-delicious-apples/p/20073899001_KG?source=nspt",
    "brand": "",
    "package_size": "$6.59/1kg",
    "unit_price": "$2.99/1lb",
    "stock": "In stock",
    "points": ""
  },
  {
    "name": "Honeydew Melon",
    "price": "$6.99",
    "sale_price": "",
    "previous_price": "",
    "image_url": "https://assets.shop.loblaws.ca/products/20045276001/b3/en/front/20045276001_front_a06_@2.png",
    "link": "https://www.loblaws.ca/honeydew-melon/p/20045276001_EA?source=nspt",
    "brand": "",
    "package_size": "1 ea",
    "unit_price": "$6.99/1ea",
    "stock": "In stock",
    "points": ""
  },
  {
    "name": "Ambrosia Apples",
    "price": "about $1.45",
    "sale_price": "",
    "previous_price": "",
    "image_url": "https://assets.shop.loblaws.ca/products/20092614001/b3/en/front/20092614001_front_a06_@2.png",
    "link": "https://www.loblaws.ca/ambrosia-apples/p/20092614001_KG?source=nspt",
    "brand": "President's Choice",
    "package_size": "$6.59/1kg",
    "unit_price": "$2.99/1lb",
    "stock": "In stock",
    "points": ""
  },
  {
    "name": "White Peaches",
    "price": "about $2.31",
    "sale_price": "",
    "previous_price": "",
    "image_url": "https://assets.shop.loblaws.ca/products/20109121001/b3/en/front/20109121001_front_a06_@2.png",
    "link": "https://www.loblaws.ca/white-peaches/p/20109121001_KG?source=nspt",
    "brand": "",
    "package_size": "$15.41/1kg",
    "unit_price": "$6.99/1lb",
    "stock": "In stock",
    "points": ""
  },
  {
    "name": "Avocados, Bag",
    "price": "$6.99",
    "sale_price": "",
    "previous_price": "",
    "image_url": "https://assets.shop.loblaws.ca/products/20680596001/b3/en/front/20680596001_front_a06_@2.png",
    "link": "https://www.loblaws.ca/avocados-bag/p/20680596001_EA?source=nspt",
    "brand": "PC Organics",
    "package_size": "3 pack",
    "unit_price": "$2.33/1ea",
    "stock": "Out of Stock",
    "points": ""
  },
  {
    "name": "Apricots",
    "price": "about $1.23",
    "sale_price": "",
    "previous_price": "",
    "image_url": "https://assets.shop.loblaws.ca/products/20092504001/b3/en/front/20092504001_front_a06_@2.png",
    "link": "https://www.loblaws.ca/apricots/p/20092504001_KG?source=nspt",
    "brand": "",
    "package_size": "$17.62/1kg",
    "unit_price": "$7.99/1lb",
    "stock": "In stock",
    "points": ""
  },
  {
    "name": "Granny Smith Apples, 3 lb Bag",
    "price": "$9.99",
    "sale_price": "",
    "previous_price": "",
    "image_url": "https://assets.shop.loblaws.ca/products/20725795001/b3/en/front/20725795001_front_a06_@2.png",
    "link": "https://www.loblaws.ca/granny-smith-apples-3-lb-bag/p/20725795001_EA?source=nspt",
    "brand": "PC Organics",
    "package_size": "1.36 kg",
    "unit_price": "$0.73/100g",
    "stock": "In stock",
    "points": ""
  },
  {
    "name": "Forelle Pears",
    "price": "about $1.45",
    "sale_price": "",
    "previous_price": "",
    "image_url": "https://assets.shop.loblaws.ca/products/20143210001/b3/en/front/20143210001_front_a06_@2.png",
    "link": "https://www.loblaws.ca/forelle-pears/p/20143210001_KG?source=nspt",
    "brand": "",
    "package_size": "$6.59/1kg",
    "unit_price": "$2.99/1lb",
    "stock": "In stock",
    "points": ""
  },
  {
    "name": "Fuyu Persimmon",
    "price": "$2.99",
    "sale_price": "",
    "previous_price": "",
    "image_url": "https://assets.shop.loblaws.ca/products/20139417001/b3/en/front/20139417001_front_a06_@2.png",
    "link": "https://www.loblaws.ca/fuyu-persimmon/p/20139417001_EA?source=nspt",
    "brand": "",
    "package_size": "1 ea",
    "unit_price": "$2.99/1ea",
    "stock": "In stock",
    "points": ""
  },
  {
    "name": "Papaya",
    "price": "",
    "sale_price": "about $5.71",
    "previous_price": "$7.14",
    "image_url": "https://assets.shop.loblaws.ca/products/20817066001/b3/en/front/20817066001_front_a06_@2.png",
    "link": "https://www.loblaws.ca/papaya/p/20817066001_KG?source=nspt",
    "brand": "",
    "package_size": "$4.39/1kg",
    "unit_price": "$1.99/1lb",
    "stock": "In stock",
    "points": ""
  },
  {
    "name": "Fuyu Persimmon",
    "price": "$2.99",
    "sale_price": "",
    "previous_price": "",
    "image_url": "https://assets.shop.loblaws.ca/products/20139417001/b3/en/front/20139417001_front_a06_@2.png",
    "link": "https://www.loblaws.ca/fuyu-persimmon/p/20139417001_EA?source=nspt",
    "brand": "",
    "package_size": "1 ea",
    "unit_price": "$2.99/1ea",
    "stock": "In stock",
    "points": ""
  },
  {
    "name": "Ambrosia Apples",
    "price": "$8.99",
    "sale_price": "",
    "previous_price": "",
    "image_url": "https://assets.shop.loblaws.ca/products/21307212001/b3/en/front/21307212001_front_a06_@2.png",
    "link": "https://www.loblaws.ca/ambrosia-apples/p/21307212001_EA?source=nspt",
    "brand": "Farmer's Market",
    "package_size": "1.814 kg",
    "unit_price": "$0.50/100g",
    "stock": "Out of Stock",
    "points": ""
  },
  {
    "name": "Pink Guava",
    "price": "$7.00",
    "sale_price": "",
    "previous_price": "",
    "image_url": "https://assets.shop.loblaws.ca/products/21575914001/b3/en/front/21575914001_front_a06_@2.png",
    "link": "https://www.loblaws.ca/pink-guava/p/21575914001_EA?source=nspt",
    "brand": "President's Choice",
    "package_size": "1 ea",
    "unit_price": "$7.00/1ea",
    "stock": "Out of Stock",
    "points": ""
  },
  {
    "name": "Sweet & Sour Tamarind",
    "price": "$5.99",
    "sale_price": "",
    "previous_price": "",
    "image_url": "https://assets.shop.loblaws.ca/products/21566812001/b3/en/front/21566812001_front_a06_@2.png",
    "link": "https://www.loblaws.ca/sweet-sour-tamarind/p/21566812001_EA?source=nspt",
    "brand": "",
    "package_size": "500 g",
    "unit_price": "$1.20/100g",
    "stock": "In stock",
    "points": ""
  },
  {
    "name": "Naturally Imperfect Avocados, 3 lb Bag",
    "price": "$9.99",
    "sale_price": "",
    "previous_price": "",
    "image_url": "https://assets.shop.loblaws.ca/products/21086003001/b3/en/front/21086003001_front_a06_@2.png",
    "link": "https://www.loblaws.ca/naturally-imperfect-avocados-3-lb-bag/p/21086003001_EA?source=nspt",
    "brand": "No Name",
    "package_size": "1.36 kg",
    "unit_price": "$0.73/100g",
    "stock": "Out of Stock",
    "points": ""
  },
  {
    "name": "Granny Smith Apples, 4 lb Bag",
    "price": "$9.99",
    "sale_price": "",
    "previous_price": "",
    "image_url": "https://assets.shop.loblaws.ca/products/20128645001/b3/en/front/20128645001_front_a06_@2.png",
    "link": "https://www.loblaws.ca/granny-smith-apples-4-lb-bag/p/20128645001_EA?source=nspt",
    "brand": "Farmer's Market",
    "package_size": "1.81 kg",
    "unit_price": "$0.55/100g",
    "stock": "In stock",
    "points": ""
  },
  {
    "name": "McIntosh Apples",
    "price": "about $1.10",
    "sale_price": "",
    "previous_price": "",
    "image_url": "https://assets.shop.loblaws.ca/products/20039956001/b3/en/front/20039956001_front_a06_@2.png",
    "link": "https://www.loblaws.ca/mcintosh-apples/p/20039956001_KG?source=nspt",
    "brand": "",
    "package_size": "$5.49/1kg",
    "unit_price": "$2.49/1lb",
    "stock": "Low Stock",
    "points": ""
  },
  {
    "name": "Organic Bartlett Pears",
    "price": "about $1.54",
    "sale_price": "",
    "previous_price": "",
    "image_url": "https://assets.shop.loblaws.ca/products/20061097001/b3/en/front/20061097001_front_a06_@2.png",
    "link": "https://www.loblaws.ca/organic-bartlett-pears/p/20061097001_KG?source=nspt",
    "brand": "PC Organics",
    "package_size": "$7.69/1kg",
    "unit_price": "$3.49/1lb",
    "stock": "Out of Stock",
    "points": ""
  },
  {
    "name": "Black Figs",
    "price": "$7.99",
    "sale_price": "",
    "previous_price": "",
    "image_url": "https://assets.shop.loblaws.ca/products/21165372001/b3/en/front/21165372001_front_a06_@2.png",
    "link": "https://www.loblaws.ca/black-figs/p/21165372001_EA?source=nspt",
    "brand": "",
    "package_size": "340 g",
    "unit_price": "$2.35/100g",
    "stock": "Out of Stock",
    "points": ""
  },
  {
    "name": "Red Grapefruit, 3 lb Bag",
    "price": "",
    "sale_price": "$5.99",
    "previous_price": "$6.49",
    "image_url": "https://assets.shop.loblaws.ca/products/20118409001/b3/en/front/20118409001_front_a06_@2.png",
    "link": "https://www.loblaws.ca/red-grapefruit-3-lb-bag/p/20118409001_EA?source=nspt",
    "brand": "Farmer's Market",
    "package_size": "1.36 kg",
    "unit_price": "$0.44/100g",
    "stock": "In stock",
    "points": ""
  },
  {
    "name": "Atemoya",
    "price": "$5.99",
    "sale_price": "",
    "previous_price": "",
    "image_url": "https://assets.shop.loblaws.ca/products/20965690001/b3/en/front/20965690001_front_a06_@2.png",
    "link": "https://www.loblaws.ca/atemoya/p/20965690001_EA?source=nspt",
    "brand": "",
    "package_size": "1 ea",
    "unit_price": "$5.99/1ea",
    "stock": "Out of Stock",
    "points": ""
  },
  {
    "name": "Organic Raspberries 1/2 pint",
    "price": "$6.99",
    "sale_price": "",
    "previous_price": "",
    "image_url": "https://assets.shop.loblaws.ca/products/20056190001/b3/en/front/20056190001_front_a06_@2.png",
    "link": "https://www.loblaws.ca/organic-raspberries-1-2-pint/p/20056190001_EA?source=nspt",
    "brand": "",
    "package_size": "170 g",
    "unit_price": "$4.11/100g",
    "stock": "In stock",
    "points": ""
  },
  {
    "name": "Sugar Cane",
    "price": "$2.99",
    "sale_price": "",
    "previous_price": "",
    "image_url": "https://assets.shop.loblaws.ca/products/20708073001/b3/en/front/20708073001_front_a06_@2.png",
    "link": "https://www.loblaws.ca/sugar-cane/p/20708073001_EA?source=nspt",
    "brand": "",
    "package_size": "1 ea",
    "unit_price": "$2.99/1ea",
    "stock": "Out of Stock",
    "points": ""
  },
  {
    "name": "Red Pummelos",
    "price": "$5.99",
    "sale_price": "",
    "previous_price": "",
    "image_url": "https://assets.shop.loblaws.ca/products/20081390001/b3/en/front/20081390001_front_a06_@2.png",
    "link": "https://www.loblaws.ca/red-pummelos/p/20081390001_EA?source=nspt",
    "brand": "Sunkist",
    "package_size": "1 ea",
    "unit_price": "$5.99/1ea",
    "stock": "Out of Stock",
    "points": ""
  },
  {
    "name": "Red Cherries",
    "price": "about $17.64",
    "sale_price": "",
    "previous_price": "",
    "image_url": "https://assets.shop.loblaws.ca/products/20159690001/b3/en/front/20159690001_front_a06_@2.png",
    "link": "https://www.loblaws.ca/red-cherries/p/20159690001_KG?source=nspt",
    "brand": "",
    "package_size": "$19.82/1kg",
    "unit_price": "$8.99/1lb",
    "stock": "Out of Stock",
    "points": ""
  },
  {
    "name": "Flavour Burst Sungold Golden Kiwi",
    "price": "$8.99",
    "sale_price": "",
    "previous_price": "",
    "image_url": "https://assets.shop.loblaws.ca/products/20985015001/b3/en/front/20985015001_front_a06_@2.png",
    "link": "https://www.loblaws.ca/flavour-burst-sungold-golden-kiwi/p/20985015001_EA?source=nspt",
    "brand": "",
    "package_size": "454 g",
    "unit_price": "$1.98/100g",
    "stock": "In stock",
    "points": ""
  },
  {
    "name": "Apple Pazazz",
    "price": "$8.99",
    "sale_price": "",
    "previous_price": "",
    "image_url": "https://assets.shop.loblaws.ca/products/21246317001/b3/en/front/21246317001_front_a06_@2.png",
    "link": "https://www.loblaws.ca/apple-pazazz/p/21246317001_EA?source=nspt",
    "brand": "",
    "package_size": "1.814 kg",
    "unit_price": "$0.50/100g",
    "stock": "Out of Stock",
    "points": ""
  },
  {
    "name": "Pomegranate",
    "price": "$3.99",
    "sale_price": "",
    "previous_price": "",
    "image_url": "https://assets.shop.loblaws.ca/products/20134767001/b3/en/front/20134767001_front_a06_@2.png",
    "link": "https://www.loblaws.ca/pomegranate/p/20134767001_EA?source=nspt",
    "brand": "",
    "package_size": "1 ea",
    "unit_price": "$3.99/1ea",
    "stock": "Out of Stock",
    "points": ""
  },
  {
    "name": "Spartan Apples, 4 lb Bag",
    "price": "$8.99",
    "sale_price": "",
    "previous_price": "",
    "image_url": "https://assets.shop.loblaws.ca/products/20281372001/b3/en/front/20281372001_front_a06_@2.png",
    "link": "https://www.loblaws.ca/spartan-apples-4-lb-bag/p/20281372001_EA?source=nspt",
    "brand": "Farmer's Market",
    "package_size": "1.81 kg",
    "unit_price": "$0.50/100g",
    "stock": "Low Stock",
    "points": ""
  },
  {
    "name": "Pink Muscat Grapes",
    "price": "about $11.22",
    "sale_price": "",
    "previous_price": "",
    "image_url": "https://assets.shop.loblaws.ca/products/20562311001/b3/en/front/20562311001_front_a06_@2.png",
    "link": "https://www.loblaws.ca/pink-muscat-grapes/p/20562311001_KG?source=nspt",
    "brand": "President's Choice",
    "package_size": "$11.00/1kg",
    "unit_price": "$4.99/1lb",
    "stock": "In stock",
    "points": ""
  },
  {
    "name": "Packaged Yellow Peaches",
    "price": "$8.99",
    "sale_price": "",
    "previous_price": "",
    "image_url": "https://assets.shop.loblaws.ca/products/20594406001/b3/en/front/20594406001_front_a06_@2.png",
    "link": "https://www.loblaws.ca/packaged-yellow-peaches/p/20594406001_EA?source=nspt",
    "brand": "",
    "package_size": "907 g",
    "unit_price": "$0.99/100g",
    "stock": "In stock",
    "points": ""
  },
  {
    "name": "Baby Mango",
    "price": "$1.99",
    "sale_price": "",
    "previous_price": "",
    "image_url": "https://assets.shop.loblaws.ca/products/21406494001/b3/en/front/21406494001_front_a06_@2.png",
    "link": "https://www.loblaws.ca/baby-mango/p/21406494001_EA?source=nspt",
    "brand": "",
    "package_size": "1 ea",
    "unit_price": "$1.99/1ea",
    "stock": "Out of Stock",
    "points": ""
  },
  {
    "name": "Purple Passion Fruit",
    "price": "$6.00",
    "sale_price": "",
    "previous_price": "",
    "image_url": "https://assets.shop.loblaws.ca/products/21575820001/b3/en/front/21575820001_front_a06_@2.png",
    "link": "https://www.loblaws.ca/purple-passion-fruit/p/21575820001_EA?source=nspt",
    "brand": "President's Choice",
    "package_size": "1 ea",
    "unit_price": "$6.00/1ea",
    "stock": "In stock",
    "points": ""
  },
  {
    "name": "Honeycrisp Apples 3Lb Bag",
    "price": "$10.99",
    "sale_price": "",
    "previous_price": "",
    "image_url": "https://assets.shop.loblaws.ca/products/21074888001/b3/en/front/21074888001_front_a06_@2.png",
    "link": "https://www.loblaws.ca/honeycrisp-apples-3lb-bag/p/21074888001_EA?source=nspt",
    "brand": "PC Organics",
    "package_size": "1.36 kg",
    "unit_price": "$0.81/100g",
    "stock": "Out of Stock",
    "points": ""
  },
  {
    "name": "Black Figs",
    "price": "$0.99",
    "sale_price": "",
    "previous_price": "",
    "image_url": "https://assets.shop.loblaws.ca/products/20081682001/b3/en/front/20081682001_front_a06_@2.png",
    "link": "https://www.loblaws.ca/black-figs/p/20081682001_EA?source=nspt",
    "brand": "",
    "package_size": "1 ea",
    "unit_price": "$0.99/1ea",
    "stock": "Out of Stock",
    "points": ""
  },
  {
    "name": "Yellow Pitahaya",
    "price": "$5.00",
    "sale_price": "",
    "previous_price": "",
    "image_url": "https://assets.shop.loblaws.ca/products/21575847001/b3/en/front/21575847001_front_a06_@2.png",
    "link": "https://www.loblaws.ca/yellow-pitahaya/p/21575847001_EA?source=nspt",
    "brand": "President's Choice",
    "package_size": "1 ea",
    "unit_price": "$5.00/1ea",
    "stock": "Out of Stock",
    "points": ""
  },
  {
    "name": "Golden Delicious Apples",
    "price": "about $1.45",
    "sale_price": "",
    "previous_price": "",
    "image_url": "https://assets.shop.loblaws.ca/products/20430790001/b3/en/front/20430790001_front_a06_@2.png",
    "link": "https://www.loblaws.ca/golden-delicious-apples/p/20430790001_KG?source=nspt",
    "brand": "",
    "package_size": "$6.59/1kg",
    "unit_price": "$2.99/1lb",
    "stock": "Out of Stock",
    "points": ""
  },
  {
    "name": "Honeycrisp Apples, 4 lb Bag",
    "price": "$8.99",
    "sale_price": "",
    "previous_price": "",
    "image_url": "https://assets.shop.loblaws.ca/products/20723960001/b3/en/front/20723960001_front_a06_@2.png",
    "link": "https://www.loblaws.ca/honeycrisp-apples-4-lb-bag/p/20723960001_EA?source=nspt",
    "brand": "Farmer's Market",
    "package_size": "1.81 kg",
    "unit_price": "$0.50/100g",
    "stock": "In stock",
    "points": ""
  },
  {
    "name": "Gala Apples, 3 lb Bag",
    "price": "$8.99",
    "sale_price": "",
    "previous_price": "",
    "image_url": "https://assets.shop.loblaws.ca/products/20606349001/b3/en/front/20606349001_front_a06_@2.png",
    "link": "https://www.loblaws.ca/gala-apples-3-lb-bag/p/20606349001_EA?source=nspt",
    "brand": "PC Organics",
    "package_size": "1.36 kg",
    "unit_price": "$0.66/100g",
    "stock": "In stock",
    "points": ""
  },
  {
    "name": "Cactus Pears 12X4ct ",
    "price": "$3.99",
    "sale_price": "",
    "previous_price": "",
    "image_url": "https://assets.shop.loblaws.ca/products/21121511001/b3/en/front/21121511001_front_a06_@2.png",
    "link": "https://www.loblaws.ca/cactus-pears-12x4ct/p/21121511001_EA?source=nspt",
    "brand": "",
    "package_size": "4x1.0 ea",
    "unit_price": "$1.00/1ea",
    "stock": "Out of Stock",
    "points": ""
  },
  {
    "name": "Mangosteen, pack 3",
    "price": "$5.99",
    "sale_price": "",
    "previous_price": "",
    "image_url": "https://assets.shop.loblaws.ca/products/21157321001/b3/en/front/21157321001_front_a06_@2.png",
    "link": "https://www.loblaws.ca/mangosteen-pack-3/p/21157321001_EA?source=nspt",
    "brand": "",
    "package_size": "1 ea",
    "unit_price": "$3.99/100g",
    "stock": "Out of Stock",
    "points": ""
  },
  {
    "name": "D'Anjou Pears",
    "price": "about $1.85",
    "sale_price": "",
    "previous_price": "",
    "image_url": "https://assets.shop.loblaws.ca/products/20174514001/b3/en/front/20174514001_front_a06_@2.png",
    "link": "https://www.loblaws.ca/d-anjou-pears/p/20174514001_KG?source=nspt",
    "brand": "",
    "package_size": "$7.69/1kg",
    "unit_price": "$3.49/1lb",
    "stock": "Out of Stock",
    "points": ""
  },
  {
    "name": "Kiwi 2LB",
    "price": "$7.99",
    "sale_price": "",
    "previous_price": "",
    "image_url": "https://assets.shop.loblaws.ca/products/21576456001/b3/en/front/21576456001_front_a06_@2.png",
    "link": "https://www.loblaws.ca/kiwi-2lb/p/21576456001_EA?source=nspt",
    "brand": "Farmer's Market",
    "package_size": "908 g",
    "unit_price": "$0.88/100g",
    "stock": "Out of Stock",
    "points": ""
  },
  {
    "name": "Nectarines",
    "price": "about $2.16",
    "sale_price": "",
    "previous_price": "",
    "image_url": "https://assets.shop.loblaws.ca/products/20319426001/b3/en/front/20319426001_front_a06_@2.png",
    "link": "https://www.loblaws.ca/nectarines/p/20319426001_KG?source=nspt",
    "brand": "",
    "package_size": "$15.41/1kg",
    "unit_price": "$6.99/1lb",
    "stock": "In stock",
    "points": ""
  },
  {
    "name": "Physalis Peruviana (Cape Gooseberry)",
    "price": "$2.49",
    "sale_price": "",
    "previous_price": "",
    "image_url": "https://assets.shop.loblaws.ca/products/20021340001/b3/en/front/20021340001_front_a06_@2.png",
    "link": "https://www.loblaws.ca/physalis-peruviana-cape-gooseberry/p/20021340001_EA?source=nspt",
    "brand": "",
    "package_size": "1 ea",
    "unit_price": "$2.49/1ea",
    "stock": "Out of Stock",
    "points": ""
  },
  {
    "name": "Red Bananas, Bunch",
    "price": "about $3.74",
    "sale_price": "",
    "previous_price": "",
    "image_url": "https://assets.shop.loblaws.ca/products/20047209001/b3/en/front/20047209001_front_a06_@2.png",
    "link": "https://www.loblaws.ca/red-bananas-bunch/p/20047209001_KG?source=nspt",
    "brand": "",
    "package_size": "$5.05/1kg",
    "unit_price": "$2.29/1lb",
    "stock": "Low Stock",
    "points": ""
  },
  {
    "name": "Mango Red 3Ct",
    "price": "$5.49",
    "sale_price": "",
    "previous_price": "",
    "image_url": "https://assets.shop.loblaws.ca/products/21387721001/b3/en/front/21387721001_front_a06_@2.png",
    "link": "https://www.loblaws.ca/mango-red-3ct/p/21387721001_EA?source=nspt",
    "brand": "Farmer's Market",
    "package_size": "3 ea",
    "unit_price": "$1.83/1ea",
    "stock": "Low Stock",
    "points": ""
  },
  {
    "name": "Avocado Case",
    "price": "$14.99",
    "sale_price": "",
    "previous_price": "",
    "image_url": "https://assets.shop.loblaws.ca/products/21208233001/b3/en/front/21208233001_front_a06_@2.png",
    "link": "https://www.loblaws.ca/avocado-case/p/21208233001_EA?source=nspt",
    "brand": "",
    "package_size": "2 kg",
    "unit_price": "$0.75/100g",
    "stock": "Out of Stock",
    "points": ""
  },
  {
    "name": "Manzano Bananas, Bunch",
    "price": "about $4.21",
    "sale_price": "",
    "previous_price": "",
    "image_url": "https://assets.shop.loblaws.ca/products/20649591001/b3/en/front/20649591001_front_a06_@2.png",
    "link": "https://www.loblaws.ca/manzano-bananas-bunch/p/20649591001_KG?source=nspt",
    "brand": "",
    "package_size": "$4.39/1kg",
    "unit_price": "$1.99/1lb",
    "stock": "In stock",
    "points": ""
  },
  {
    "name": "Hami Melons",
    "price": "about $12.82",
    "sale_price": "",
    "previous_price": "",
    "image_url": "https://assets.shop.loblaws.ca/products/21051297001/b3/en/front/21051297001_front_a06_@2.png",
    "link": "https://www.loblaws.ca/hami-melons/p/21051297001_KG?source=nspt",
    "brand": "",
    "package_size": "$4.39/1kg",
    "unit_price": "$1.99/1lb",
    "stock": "In stock",
    "points": ""
  },
  {
    "name": "Tamarinds",
    "price": "$6.99",
    "sale_price": "",
    "previous_price": "",
    "image_url": "https://assets.shop.loblaws.ca/products/20632031/b3/en/front/20632031_front_a06_@2.png",
    "link": "https://www.loblaws.ca/tamarinds/p/20632031_EA?source=nspt",
    "brand": "",
    "package_size": "500 g",
    "unit_price": "$1.40/100g",
    "stock": "In stock",
    "points": ""
  },
  {
    "name": "Pineapple",
    "price": "$4.99",
    "sale_price": "",
    "previous_price": "",
    "image_url": "https://assets.shop.loblaws.ca/products/20119813001/b3/en/front/20119813001_front_a06_@2.png",
    "link": "https://www.loblaws.ca/pineapple/p/20119813001_EA?source=nspt",
    "brand": "",
    "package_size": "1 ea",
    "unit_price": "$4.99/1ea",
    "stock": "In stock",
    "points": ""
  },
  {
    "name": "Red Delicious Apples, 4 lb Bag",
    "price": "$8.99",
    "sale_price": "",
    "previous_price": "",
    "image_url": "https://assets.shop.loblaws.ca/products/20632238001/b3/en/front/20632238001_front_a06_@2.png",
    "link": "https://www.loblaws.ca/red-delicious-apples-4-lb-bag/p/20632238001_EA?source=nspt",
    "brand": "Farmer's Market",
    "package_size": "1.814 kg",
    "unit_price": "$0.50/100g",
    "stock": "In stock",
    "points": ""
  },
  {
    "name": "Organic Lemons, 2 lb bag",
    "price": "$9.99",
    "sale_price": "",
    "previous_price": "",
    "image_url": "https://assets.shop.loblaws.ca/products/20146331001/b3/en/front/20146331001_front_a06_@2.png",
    "link": "https://www.loblaws.ca/organic-lemons-2-lb-bag/p/20146331001_EA?source=nspt",
    "brand": "PC Organics",
    "package_size": "907 g",
    "unit_price": "$1.10/100g",
    "stock": "In stock",
    "points": ""
  },
  {
    "name": "Naturally Imperfect Lemons 3lb Bag",
    "price": "$7.99",
    "sale_price": "",
    "previous_price": "",
    "image_url": "https://assets.shop.loblaws.ca/products/21124487001/b3/en/front/21124487001_front_a06_@2.png",
    "link": "https://www.loblaws.ca/naturally-imperfect-lemons-3lb-bag/p/21124487001_EA?source=nspt",
    "brand": "No Name",
    "package_size": "1.36 kg",
    "unit_price": "$0.59/100g",
    "stock": "In stock",
    "points": ""
  },
  {
    "name": "Prickly Pears",
    "price": "$6.99",
    "sale_price": "",
    "previous_price": "",
    "image_url": "",
    "link": "https://www.loblaws.ca/prickly-pears/p/20914551_EA?source=nspt",
    "brand": "",
    "package_size": "907 g",
    "unit_price": "$0.77/100g",
    "stock": "Out of Stock",
    "points": ""
  },
  {
    "name": "Navel Oranges Cara Cara, 3 lb Bag",
    "price": "$9.99",
    "sale_price": "",
    "previous_price": "",
    "image_url": "https://assets.shop.loblaws.ca/products/20697748001/b3/en/front/20697748001_front_a06_@2.png",
    "link": "https://www.loblaws.ca/navel-oranges-cara-cara-3-lb-bag/p/20697748001_EA?source=nspt",
    "brand": "President's Choice",
    "package_size": "1.36 kg",
    "unit_price": "$0.73/100g",
    "stock": "In stock",
    "points": ""
  },
  {
    "name": "Yellow Asian Pears",
    "price": "",
    "sale_price": "about $1.76",
    "previous_price": "$2.32",
    "image_url": "https://assets.shop.loblaws.ca/products/20035618001/b3/en/front/20035618001_front_a06_@2.png",
    "link": "https://www.loblaws.ca/yellow-asian-pears/p/20035618001_KG?source=nspt",
    "brand": "",
    "package_size": "$5.49/1kg",
    "unit_price": "$2.49/1lb",
    "stock": "Out of Stock",
    "points": ""
  },
  {
    "name": "Organic Lime, 1 lb Bag",
    "price": "$5.99",
    "sale_price": "",
    "previous_price": "",
    "image_url": "https://assets.shop.loblaws.ca/products/20435942001/b3/en/front/20435942001_front_a06_@2.png",
    "link": "https://www.loblaws.ca/organic-lime-1-lb-bag/p/20435942001_EA?source=nspt",
    "brand": "PC Organics",
    "package_size": "454 g",
    "unit_price": "$1.32/100g",
    "stock": "In stock",
    "points": ""
  },
  {
    "name": "Black Seedless Grapes",
    "price": "about $15.07",
    "sale_price": "",
    "previous_price": "",
    "image_url": "https://assets.shop.loblaws.ca/products/20711275001/b3/en/front/20711275001_front_a06_@2.png",
    "link": "https://www.loblaws.ca/black-seedless-grapes/p/20711275001_KG?source=nspt",
    "brand": "President's Choice",
    "package_size": "$11.00/1kg",
    "unit_price": "$4.99/1lb",
    "stock": "In stock",
    "points": ""
  },
  {
    "name": "Organic Orange",
    "price": "$7.99",
    "sale_price": "",
    "previous_price": "",
    "image_url": "https://assets.shop.loblaws.ca/products/20972628001/b3/en/front/20972628001_front_a06_@2.png",
    "link": "https://www.loblaws.ca/organic-orange/p/20972628001_EA?source=nspt",
    "brand": "",
    "package_size": "907 g",
    "unit_price": "$0.88/100g",
    "stock": "In stock",
    "points": ""
  },
  {
    "name": "Organic Bosc Pears",
    "price": "about $2.08",
    "sale_price": "",
    "previous_price": "",
    "image_url": "https://assets.shop.loblaws.ca/products/20104879001/b3/en/front/20104879001_front_a06_@2.png",
    "link": "https://www.loblaws.ca/organic-bosc-pears/p/20104879001_KG?source=nspt",
    "brand": "PC Organics",
    "package_size": "$9.90/1kg",
    "unit_price": "$4.49/1lb",
    "stock": "Out of Stock",
    "points": ""
  },
  {
    "name": "Organic Kiwi",
    "price": "$5.99",
    "sale_price": "",
    "previous_price": "",
    "image_url": "https://assets.shop.loblaws.ca/products/21351670001/b3/en/front/21351670001_front_a06_@2.png",
    "link": "https://www.loblaws.ca/organic-kiwi/p/21351670001_EA?source=nspt",
    "brand": "",
    "package_size": "454 g",
    "unit_price": "$1.32/100g",
    "stock": "Out of Stock",
    "points": ""
  },
  {
    "name": "Red Grapefruit",
    "price": "$2.99",
    "sale_price": "",
    "previous_price": "",
    "image_url": "https://assets.shop.loblaws.ca/products/20020516001/b3/en/front/20020516001_front_a06_@2.png",
    "link": "https://www.loblaws.ca/red-grapefruit/p/20020516001_EA?source=nspt",
    "brand": "",
    "package_size": "1 ea",
    "unit_price": "$2.99/1ea",
    "stock": "In stock",
    "points": ""
  },
  {
    "name": "Green Figs",
    "price": "$1.69",
    "sale_price": "",
    "previous_price": "",
    "image_url": "https://assets.shop.loblaws.ca/products/20219700001/b3/en/front/20219700001_front_a06_@2.png",
    "link": "https://www.loblaws.ca/green-figs/p/20219700001_EA?source=nspt",
    "brand": "",
    "package_size": "1 ea",
    "unit_price": "$1.69/1ea",
    "stock": "Out of Stock",
    "points": ""
  },
  {
    "name": "Organic Honeycrisp Apples",
    "price": "about $3.05",
    "sale_price": "",
    "previous_price": "",
    "image_url": "https://assets.shop.loblaws.ca/products/20183632001/b3/en/front/20183632001_front_a06_@2.png",
    "link": "https://www.loblaws.ca/organic-honeycrisp-apples/p/20183632001_KG?source=nspt",
    "brand": "PC Organics",
    "package_size": "$12.10/1kg",
    "unit_price": "$5.49/1lb",
    "stock": "In stock",
    "points": ""
  },
  {
    "name": "Caribbean Avocado",
    "price": "$3.99",
    "sale_price": "",
    "previous_price": "",
    "image_url": "https://assets.shop.loblaws.ca/products/20119760001/b3/en/front/20119760001_front_a06_@2.png",
    "link": "https://www.loblaws.ca/caribbean-avocado/p/20119760001_EA?source=nspt",
    "brand": "",
    "package_size": "1 ea",
    "unit_price": "$3.99/1ea",
    "stock": "Out of Stock",
    "points": ""
  },
  {
    "name": "Cortland Apples",
    "price": "about $1.29",
    "sale_price": "",
    "previous_price": "",
    "image_url": "https://assets.shop.loblaws.ca/products/20016938001/b3/en/front/20016938001_front_a06_@2.png",
    "link": "https://www.loblaws.ca/cortland-apples/p/20016938001_KG?source=nspt",
    "brand": "",
    "package_size": "$6.15/1kg",
    "unit_price": "$2.79/1lb",
    "stock": "Out of Stock",
    "points": ""
  },
  {
    "name": "Yellow Watermelon, Seedless",
    "price": "$6.99",
    "sale_price": "",
    "previous_price": "",
    "image_url": "https://assets.shop.loblaws.ca/products/20511478001/b3/en/front/20511478001_front_a06_@2.png",
    "link": "https://www.loblaws.ca/yellow-watermelon-seedless/p/20511478001_EA?source=nspt",
    "brand": "",
    "package_size": "1 kg",
    "unit_price": "$6.99/1ea",
    "stock": "Out of Stock",
    "points": ""
  },
  {
    "name": "Pazazz Apple",
    "price": "about $1.61",
    "sale_price": "",
    "previous_price": "",
    "image_url": "https://assets.shop.loblaws.ca/products/20673185001/b3/en/front/20673185001_front_a06_@2.png",
    "link": "https://www.loblaws.ca/pazazz-apple/p/20673185001_KG?source=nspt",
    "brand": "",
    "package_size": "$6.59/1kg",
    "unit_price": "$2.99/1lb",
    "stock": "Out of Stock",
    "points": ""
  },
  {
    "name": "Red Anjou Pears",
    "price": "about $1.54",
    "sale_price": "",
    "previous_price": "",
    "image_url": "https://assets.shop.loblaws.ca/products/20287737001/b3/en/front/20287737001_front_a06_@2.png",
    "link": "https://www.loblaws.ca/red-anjou-pears/p/20287737001_KG?source=nspt",
    "brand": "",
    "package_size": "$6.59/1kg",
    "unit_price": "$2.99/1lb",
    "stock": "Out of Stock",
    "points": ""
  },
  {
    "name": "Granadilla",
    "price": "$1.99",
    "sale_price": "",
    "previous_price": "",
    "image_url": "https://assets.shop.loblaws.ca/products/20696626001/b3/en/front/20696626001_front_a06_@2.png",
    "link": "https://www.loblaws.ca/granadilla/p/20696626001_EA?source=nspt",
    "brand": "",
    "package_size": "1 ea",
    "unit_price": "$1.99/1ea",
    "stock": "Out of Stock",
    "points": ""
  },
  {
    "name": "Mandarin Oranges",
    "price": "about $1.50",
    "sale_price": "",
    "previous_price": "",
    "image_url": "https://assets.shop.loblaws.ca/products/20072482001/b3/en/front/20072482001_front_a06_@2.png",
    "link": "https://www.loblaws.ca/mandarin-oranges/p/20072482001_KG?source=nspt",
    "brand": "",
    "package_size": "$8.80/1kg",
    "unit_price": "$3.99/1lb",
    "stock": "In stock",
    "points": ""
  },
  {
    "name": "McIntosh Apples, 4 lb Bag",
    "price": "$8.99",
    "sale_price": "",
    "previous_price": "",
    "image_url": "https://assets.shop.loblaws.ca/products/20713211001/b3/en/front/20713211001_front_a06_@2.png",
    "link": "https://www.loblaws.ca/mcintosh-apples-4-lb-bag/p/20713211001_EA?source=nspt",
    "brand": "Farmer's Market",
    "package_size": "1.81 kg",
    "unit_price": "$0.50/100g",
    "stock": "Out of Stock",
    "points": ""
  },
  {
    "name": "Apple Cosmic Crisp",
    "price": "",
    "sale_price": "about $1.58",
    "previous_price": "$2.11",
    "image_url": "https://assets.shop.loblaws.ca/products/21240884001/b3/en/front/21240884001_front_a06_@2.png",
    "link": "https://www.loblaws.ca/apple-cosmic-crisp/p/21240884001_KG?source=nspt",
    "brand": "",
    "package_size": "",
    "unit_price": "$6.59/1kg",
    "stock": "In stock",
    "points": ""
  },
  {
    "name": "Passion Fruit",
    "price": "$1.69",
    "sale_price": "",
    "previous_price": "",
    "image_url": "https://assets.shop.loblaws.ca/products/20003716001/b3/en/front/20003716001_front_a06_@2.png",
    "link": "https://www.loblaws.ca/passion-fruit/p/20003716001_EA?source=nspt",
    "brand": "",
    "package_size": "1 ea",
    "unit_price": "$1.69/1ea",
    "stock": "Out of Stock",
    "points": ""
  },
  {
    "name": "Persimmons Kaki",
    "price": "$5.99",
    "sale_price": "",
    "previous_price": "",
    "image_url": "https://assets.shop.loblaws.ca/products/21061926001/b3/en/front/21061926001_front_a06_@2.png",
    "link": "https://www.loblaws.ca/persimmons-kaki/p/21061926001_EA?source=nspt",
    "brand": "",
    "package_size": "907 g",
    "unit_price": "$0.66/100g",
    "stock": "Out of Stock",
    "points": ""
  },
  {
    "name": "Empire Apples",
    "price": "about $0.88",
    "sale_price": "",
    "previous_price": "",
    "image_url": "https://assets.shop.loblaws.ca/products/20067027001/b3/en/front/20067027001_front_a06_@2.png",
    "link": "https://www.loblaws.ca/empire-apples/p/20067027001_KG?source=nspt",
    "brand": "",
    "package_size": "$5.49/1kg",
    "unit_price": "$2.49/1lb",
    "stock": "In stock",
    "points": ""
  },
  {
    "name": "Empire Apples, 4 lb Bag",
    "price": "$8.99",
    "sale_price": "",
    "previous_price": "",
    "image_url": "https://assets.shop.loblaws.ca/products/20630648001/b3/en/front/20630648001_front_a06_@2.png",
    "link": "https://www.loblaws.ca/empire-apples-4-lb-bag/p/20630648001_EA?source=nspt",
    "brand": "Farmer's Market",
    "package_size": "1.814 kg",
    "unit_price": "$0.50/100g",
    "stock": "Low Stock",
    "points": ""
  },
  {
    "name": "Maya Mango",
    "price": "$2.99",
    "sale_price": "",
    "previous_price": "",
    "image_url": "https://assets.shop.loblaws.ca/products/20812580001/b3/en/front/20812580001_front_a06_@2.png",
    "link": "https://www.loblaws.ca/maya-mango/p/20812580001_EA?source=nspt",
    "brand": "",
    "package_size": "1 ea",
    "unit_price": "$2.99/1ea",
    "stock": "Out of Stock",
    "points": ""
  },
  {
    "name": "Large Organic Pineapple",
    "price": "$5.99",
    "sale_price": "",
    "previous_price": "",
    "image_url": "https://assets.shop.loblaws.ca/products/20002956001/b3/en/front/20002956001_front_a06_@2.png",
    "link": "https://www.loblaws.ca/large-organic-pineapple/p/20002956001_EA?source=nspt",
    "brand": "",
    "package_size": "1 ea",
    "unit_price": "$5.99/1ea",
    "stock": "Out of Stock",
    "points": ""
  },
  {
    "name": "Bosc Pears",
    "price": "about $1.45",
    "sale_price": "",
    "previous_price": "",
    "image_url": "https://assets.shop.loblaws.ca/products/20287815001/b3/en/front/20287815001_front_a06_@2.png",
    "link": "https://www.loblaws.ca/bosc-pears/p/20287815001_KG?source=nspt",
    "brand": "",
    "package_size": "$6.59/1kg",
    "unit_price": "$2.99/1lb",
    "stock": "In stock",
    "points": ""
  },
  {
    "name": "Mangosteen",
    "price": "$6.00",
    "sale_price": "",
    "previous_price": "",
    "image_url": "https://assets.shop.loblaws.ca/products/21575865001/b3/en/front/21575865001_front_a06_@2.png",
    "link": "https://www.loblaws.ca/mangosteen/p/21575865001_EA?source=nspt",
    "brand": "President's Choice",
    "package_size": "1 ea",
    "unit_price": "$6.00/1ea",
    "stock": "In stock",
    "points": ""
  },
  {
    "name": "Black Figs",
    "price": "$7.99",
    "sale_price": "",
    "previous_price": "",
    "image_url": "https://assets.shop.loblaws.ca/products/21573874001/b3/en/front/21573874001_front_a06_@2.png",
    "link": "https://www.loblaws.ca/black-figs/p/21573874001_EA?source=nspt",
    "brand": "",
    "package_size": "454 g",
    "unit_price": "$1.76/100g",
    "stock": "Out of Stock",
    "points": ""
  },
  {
    "name": "Blood Oranges",
    "price": "$6.99",
    "sale_price": "",
    "previous_price": "",
    "image_url": "https://assets.shop.loblaws.ca/products/20128918001/b3/en/front/20128918001_front_a06_@2.png",
    "link": "https://www.loblaws.ca/blood-oranges/p/20128918001_EA?source=nspt",
    "brand": "President's Choice",
    "package_size": "907 g",
    "unit_price": "$0.77/100g",
    "stock": "In stock",
    "points": ""
  },
  {
    "name": "Peaches",
    "price": "about $2.47",
    "sale_price": "",
    "previous_price": "",
    "image_url": "https://assets.shop.loblaws.ca/products/20002646001/b3/en/front/20002646001_front_a06_@2.png",
    "link": "https://www.loblaws.ca/peaches/p/20002646001_KG?source=nspt",
    "brand": "",
    "package_size": "$15.41/1kg",
    "unit_price": "$6.99/1lb",
    "stock": "In stock",
    "points": ""
  },
  {
    "name": "Blackberries ",
    "price": "$4.99",
    "sale_price": "",
    "previous_price": "",
    "image_url": "https://assets.shop.loblaws.ca/products/21378040001/b3/en/front/21378040001_front_a06_@2.png",
    "link": "https://www.loblaws.ca/blackberries/p/21378040001_EA?source=nspt",
    "brand": "President's Choice",
    "package_size": "170 g",
    "unit_price": "$2.94/100g",
    "stock": "Low Stock",
    "points": ""
  },
  {
    "name": "Dragon Fruit",
    "price": "$3.99",
    "sale_price": "",
    "previous_price": "",
    "image_url": "https://assets.shop.loblaws.ca/products/20168395001/b3/en/front/20168395001_front_a06_@2.png",
    "link": "https://www.loblaws.ca/dragon-fruit/p/20168395001_EA?source=nspt",
    "brand": "",
    "package_size": "1 ea",
    "unit_price": "$3.99/1ea",
    "stock": "Out of Stock",
    "points": ""
  },
  {
    "name": "Fuji Apples",
    "price": "",
    "sale_price": "about $1.05",
    "previous_price": "$1.58",
    "image_url": "https://assets.shop.loblaws.ca/products/20310940001/b3/en/front/20310940001_front_a06_@2.png",
    "link": "https://www.loblaws.ca/fuji-apples/p/20310940001_KG?source=nspt",
    "brand": "",
    "package_size": "$4.39/1kg",
    "unit_price": "$1.99/1lb",
    "stock": "In stock",
    "points": ""
  },
  {
    "name": "Gala Apples",
    "price": "about $1.69",
    "sale_price": "",
    "previous_price": "",
    "image_url": "https://assets.shop.loblaws.ca/products/20100756001/b3/en/front/20100756001_front_a06_@2.png",
    "link": "https://www.loblaws.ca/gala-apples/p/20100756001_KG?source=nspt",
    "brand": "PC Organics",
    "package_size": "$7.69/1kg",
    "unit_price": "$3.49/1lb",
    "stock": "In stock",
    "points": ""
  },
  {
    "name": "Yellow Dragon Fruit",
    "price": "$3.99",
    "sale_price": "",
    "previous_price": "",
    "image_url": "https://assets.shop.loblaws.ca/products/20626393001/b3/en/front/20626393001_front_a06_@2.png",
    "link": "https://www.loblaws.ca/yellow-dragon-fruit/p/20626393001_EA?source=nspt",
    "brand": "",
    "package_size": "1 ea",
    "unit_price": "$3.99/1ea",
    "stock": "Out of Stock",
    "points": ""
  },
  {
    "name": "Golden Delicious Apples, 4 lb Bag",
    "price": "$8.99",
    "sale_price": "",
    "previous_price": "",
    "image_url": "https://assets.shop.loblaws.ca/products/20713921001/b3/en/front/20713921001_front_a06_@2.png",
    "link": "https://www.loblaws.ca/golden-delicious-apples-4-lb-bag/p/20713921001_EA?source=nspt",
    "brand": "Farmer's Market",
    "package_size": "1.81 kg",
    "unit_price": "$0.50/100g",
    "stock": "Out of Stock",
    "points": ""
  },
  {
    "name": "Easy To Peel Orri Mandarin Oranges",
    "price": "$6.99",
    "sale_price": "",
    "previous_price": "",
    "image_url": "https://assets.shop.loblaws.ca/products/20907647001/b3/en/front/20907647001_front_a06_@2.png",
    "link": "https://www.loblaws.ca/easy-to-peel-orri-mandarin-oranges/p/20907647001_EA?source=nspt",
    "brand": "President's Choice",
    "package_size": "907 g",
    "unit_price": "$0.77/100g",
    "stock": "In stock",
    "points": ""
  },
  {
    "name": "Red Mango (case)",
    "price": "$12.99",
    "sale_price": "",
    "previous_price": "",
    "image_url": "https://assets.shop.loblaws.ca/products/21439854001/b3/en/front/21439854001_front_a06_@2.png",
    "link": "https://www.loblaws.ca/red-mango-case/p/21439854001_C01?source=nspt",
    "brand": "",
    "package_size": "2 kg",
    "unit_price": "$0.65/100g",
    "stock": "Out of Stock",
    "points": ""
  },
  {
    "name": "Granadillas",
    "price": "$6.00",
    "sale_price": "",
    "previous_price": "",
    "image_url": "https://assets.shop.loblaws.ca/products/21575901001/b3/en/front/21575901001_front_a06_@2.png",
    "link": "https://www.loblaws.ca/granadillas/p/21575901001_EA?source=nspt",
    "brand": "President's Choice",
    "package_size": "1 ea",
    "unit_price": "$6.00/1ea",
    "stock": "Out of Stock",
    "points": ""
  },
  {
    "name": "Green Mangoes",
    "price": "about $10.00",
    "sale_price": "",
    "previous_price": "",
    "image_url": "https://assets.shop.loblaws.ca/products/20862791001/b3/en/front/20862791001_front_a06_@2.png",
    "link": "https://www.loblaws.ca/green-mangoes/p/20862791001_KG?source=nspt",
    "brand": "",
    "package_size": "$7.69/1kg",
    "unit_price": "$3.49/1lb",
    "stock": "Out of Stock",
    "points": ""
  },
  {
    "name": "Fuji Apples",
    "price": "$8.99",
    "sale_price": "",
    "previous_price": "",
    "image_url": "https://assets.shop.loblaws.ca/products/20051827/b3/en/front/20051827_front_a06_@2.png",
    "link": "https://www.loblaws.ca/fuji-apples/p/20051827_EA?source=nspt",
    "brand": "Farmer's Market",
    "package_size": "1.81 kg",
    "unit_price": "$0.50/100g",
    "stock": "Out of Stock",
    "points": ""
  },
  {
    "name": "Abate Fetel Pears",
    "price": "about $2.38",
    "sale_price": "",
    "previous_price": "",
    "image_url": "https://assets.shop.loblaws.ca/products/20168424001/b3/en/front/20168424001_front_a06_@2.png",
    "link": "https://www.loblaws.ca/abate-fetel-pears/p/20168424001_KG?source=nspt",
    "brand": "",
    "package_size": "$9.90/1kg",
    "unit_price": "$4.49/1lb",
    "stock": "Out of Stock",
    "points": ""
  },
  {
    "name": "Organic Granny Smith Apples",
    "price": "about $1.67",
    "sale_price": "",
    "previous_price": "",
    "image_url": "https://assets.shop.loblaws.ca/products/20186535001/b3/en/front/20186535001_front_a06_@2.png",
    "link": "https://www.loblaws.ca/organic-granny-smith-apples/p/20186535001_KG?source=nspt",
    "brand": "PC Organics",
    "package_size": "$8.80/1kg",
    "unit_price": "$3.99/1lb",
    "stock": "In stock",
    "points": ""
  },
  {
    "name": "Organic Blackberries",
    "price": "$6.99",
    "sale_price": "",
    "previous_price": "",
    "image_url": "https://assets.shop.loblaws.ca/products/20128072001/b3/en/front/20128072001_front_a06_@2.png",
    "link": "https://www.loblaws.ca/organic-blackberries/p/20128072001_EA?source=nspt",
    "brand": "",
    "package_size": "170 g",
    "unit_price": "$4.11/100g",
    "stock": "In stock",
    "points": ""
  },
  {
    "name": "Chocolate Caramel Apples",
    "price": "$8.99",
    "sale_price": "",
    "previous_price": "",
    "image_url": "https://assets.shop.loblaws.ca/products/20025930/b3/en/front/20025930_front_a06_@2.png",
    "link": "https://www.loblaws.ca/chocolate-caramel-apples/p/20025930_EA?source=nspt",
    "brand": "",
    "package_size": "1 ea",
    "unit_price": "$8.99/1ea",
    "stock": "Out of Stock",
    "points": ""
  },
  {
    "name": "Coconuts",
    "price": "$2.99",
    "sale_price": "",
    "previous_price": "",
    "image_url": "https://assets.shop.loblaws.ca/products/20005774001/b3/en/front/20005774001_front_a06_@2.png",
    "link": "https://www.loblaws.ca/coconuts/p/20005774001_EA?source=nspt",
    "brand": "",
    "package_size": "1 ea",
    "unit_price": "$2.99/1ea",
    "stock": "Out of Stock",
    "points": ""
  },
  {
    "name": "Imperfect Apples, 6 lb bag",
    "price": "$8.99",
    "sale_price": "",
    "previous_price": "",
    "image_url": "https://assets.shop.loblaws.ca/products/20868985001/b3/en/front/20868985001_front_a06_@2.png",
    "link": "https://www.loblaws.ca/imperfect-apples-6-lb-bag/p/20868985001_EA?source=nspt",
    "brand": "No Name",
    "package_size": "2.72 kg",
    "unit_price": "$0.33/100g",
    "stock": "Out of Stock",
    "points": ""
  },
  {
    "name": "Blueberries",
    "price": "$9.99",
    "sale_price": "",
    "previous_price": "",
    "image_url": "https://assets.shop.loblaws.ca/products/21179969001/b3/en/front/21179969001_front_a06_@2.png",
    "link": "https://www.loblaws.ca/blueberries/p/21179969001_EA?source=nspt",
    "brand": "PC Organics",
    "package_size": "277 g",
    "unit_price": "$3.61/100g",
    "stock": "In stock",
    "points": ""
  },
  {
    "name": "Plums",
    "price": "$6.99",
    "sale_price": "",
    "previous_price": "",
    "image_url": "https://assets.shop.loblaws.ca/products/20594316001/b3/en/front/20594316001_front_a06_@2.png",
    "link": "https://www.loblaws.ca/plums/p/20594316001_EA?source=nspt",
    "brand": "",
    "package_size": "907 g",
    "unit_price": "$6.99/1ea",
    "stock": "In stock",
    "points": ""
  },
  {
    "name": "Cotton Candy Grapes, Bunch",
    "price": "about $15.72",
    "sale_price": "",
    "previous_price": "",
    "image_url": "https://assets.shop.loblaws.ca/products/20619235001/b3/en/front/20619235001_front_a06_@2.png",
    "link": "https://www.loblaws.ca/cotton-candy-grapes-bunch/p/20619235001_KG?source=nspt",
    "brand": "",
    "package_size": "$15.41/1kg",
    "unit_price": "$6.99/1lb",
    "stock": "In stock",
    "points": ""
  },
  {
    "name": "Mango, Sweet",
    "price": "about $3.86",
    "sale_price": "",
    "previous_price": "",
    "image_url": "https://assets.shop.loblaws.ca/products/20868984001/b3/en/front/20868984001_front_a06_@2.png",
    "link": "https://www.loblaws.ca/mango-sweet/p/20868984001_KG?source=nspt",
    "brand": "",
    "package_size": "$9.90/1kg",
    "unit_price": "$4.49/1lb",
    "stock": "Out of Stock",
    "points": ""
  },
  {
    "name": "Breadfruit",
    "price": "about $10.30",
    "sale_price": "",
    "previous_price": "",
    "image_url": "https://assets.shop.loblaws.ca/products/20866318001/b3/en/front/20866318001_front_a06_@2.png",
    "link": "https://www.loblaws.ca/breadfruit/p/20866318001_KG?source=nspt",
    "brand": "",
    "package_size": "$8.80/1kg",
    "unit_price": "$3.99/1lb",
    "stock": "Out of Stock",
    "points": ""
  },
  {
    "name": "Mini Bananas, Bunch",
    "price": "about $2.17",
    "sale_price": "",
    "previous_price": "",
    "image_url": "https://assets.shop.loblaws.ca/products/20033488001/b3/en/front/20033488001_front_a06_@2.png",
    "link": "https://www.loblaws.ca/mini-bananas-bunch/p/20033488001_KG?source=nspt",
    "brand": "",
    "package_size": "$5.05/1kg",
    "unit_price": "$2.29/1lb",
    "stock": "Low Stock",
    "points": ""
  },
  {
    "name": "Lychee",
    "price": "$5.99",
    "sale_price": "",
    "previous_price": "",
    "image_url": "https://assets.shop.loblaws.ca/products/20967707001/b3/en/front/20967707001_front_a06_@2.png",
    "link": "https://www.loblaws.ca/lychee/p/20967707001_EA?source=nspt",
    "brand": "",
    "package_size": "227 g",
    "unit_price": "$2.64/100g",
    "stock": "Out of Stock",
    "points": ""
  },
  {
    "name": "Mandarin Sumo",
    "price": "about $2.77",
    "sale_price": "",
    "previous_price": "",
    "image_url": "https://assets.shop.loblaws.ca/products/20562570001/b3/en/front/20562570001_front_a06_@2.png",
    "link": "https://www.loblaws.ca/mandarin-sumo/p/20562570001_KG?source=nspt",
    "brand": "",
    "package_size": "$13.21/1kg",
    "unit_price": "$5.99/1lb",
    "stock": "Out of Stock",
    "points": ""
  },
  {
    "name": "Physalis (Gooseberries)",
    "price": "$4.99",
    "sale_price": "",
    "previous_price": "",
    "image_url": "https://assets.shop.loblaws.ca/products/20845869/b3/en/front/20845869_front_a06_@2.png",
    "link": "https://www.loblaws.ca/physalis-gooseberries/p/20845869_EA?source=nspt",
    "brand": "",
    "package_size": "200 g",
    "unit_price": "$2.50/100g",
    "stock": "Out of Stock",
    "points": ""
  },
  {
    "name": "Halo Mandarin, 2 lb bag",
    "price": "$6.99",
    "sale_price": "",
    "previous_price": "",
    "image_url": "https://assets.shop.loblaws.ca/products/21092325001/b3/en/front/21092325001_front_a06_@2.png",
    "link": "https://www.loblaws.ca/halo-mandarin-2-lb-bag/p/21092325001_EA?source=nspt",
    "brand": "",
    "package_size": "907 g",
    "unit_price": "$0.77/100g",
    "stock": "In stock",
    "points": ""
  },
  {
    "name": "Canary Melon",
    "price": "about $5.44",
    "sale_price": "",
    "previous_price": "",
    "image_url": "https://assets.shop.loblaws.ca/products/21022511001/b3/en/front/21022511001_front_a06_@2.png",
    "link": "https://www.loblaws.ca/canary-melon/p/21022511001_KG?source=nspt",
    "brand": "",
    "package_size": "",
    "unit_price": "$2.49/1lb",
    "stock": "In stock",
    "points": ""
  },
  {
    "name": "Jackfruit Slice",
    "price": "about $1.48",
    "sale_price": "",
    "previous_price": "",
    "image_url": "https://assets.shop.loblaws.ca/products/21549854001/b3/en/front/21549854001_front_a06_@2.png",
    "link": "https://www.loblaws.ca/jackfruit-slice/p/21549854001_KG?source=nspt",
    "brand": "",
    "package_size": "",
    "unit_price": "$6.59/1kg",
    "stock": "In stock",
    "points": ""
  }
]
