[
{"store": "loblaws", "category": "Fresh Vegetables", "name": "English Cucumber", "price": "", "sale_price": "$0.99", "previous_price": "$1.99", "image_url": "https://assets.shop.loblaws.ca/products/20070132001/b3/en/front/20070132001_front_a06_@2.png", "link": "https://www.loblaws.ca/english-cucumber/p/20070132001_EA?source=nspt", "brand": "", "package_size": "1 ea", "unit_price": "$0.99/1ea", "stock": "In stock", "points": "", "date_scraped": "2024-07-03T13:46:16.545167", "product_id": "f6de110bf5ac9656297ea07007c9e9cb", "organic": false},
{"store": "loblaws", "category": "Fresh Fruits", "name": "Bananas, Bunch", "price": "about $1.75", "sale_price": "", "previous_price": "", "image_url": "https://assets.shop.loblaws.ca/products/20175355001/b3/en/front/20175355001_front_a06_@2.png", "link": "https://www.loblaws.ca/bananas-bunch/p/20175355001_KG?source=nspt", "brand": "", "package_size": "$1.52/1kg", "unit_price": "$0.69/1lb", "stock": "In stock", "points": "", "date_scraped": "2024-07-03T13:46:16.558470", "product_id": "16b62c5dfcdc5450e8325a5ee05b30db", "organic": false},
{"store": "loblaws", "category": "Deli Meat", "name": "Pepperettes Sausage Sticks, European", "price": "$11.99", "sale_price": "", "previous_price": "", "image_url": "https://assets.shop.loblaws.ca/products/21196171/b3/en/front/21196171_front_a06_@2.png", "link": "https://www.loblaws.ca/pepperettes-sausage-sticks-european/p/21196171_EA?source=nspt", "brand": "Schneider", "package_size": "300 g", "unit_price": "$4.00/100g", "stock": "In stock", "points": "", "date_scraped": "2024-07-03T13:46:16.573554", "product_id": "bb4b1ea9a384c9e41b0a1e15170433c5", "organic": false},
{"store": "loblaws", "category": "Fresh Vegetables", "name": "Green Onion", "price": "$1.99", "sale_price": "", "previous_price": "", "image_url": "https://assets.shop.loblaws.ca/products/20107500001/b3/en/front/20107500001_front_a06_@2.png", "link": "https://www.loblaws.ca/green-onion/p/20107500001_EA?source=nspt", "brand": "", "package_size": "1 bunch", "unit_price": "$1.99/1ea", "stock": "In stock", "points": "", "date_scraped": "2024-07-03T13:46:16.577277", "product_id": "9b97dca39277cf17ce6dc76d04b1b973", "organic": false},
{"store": "loblaws", "category": "Fresh Vegetables", "name": "Tomato Beefsteak  Red", "price": "about $1.18", "sale_price": "", "previous_price": "", "image_url": "https://assets.shop.loblaws.ca/products/20426141001/b3/en/front/20426141001_front_a06_@2.png", "link": "https://www.loblaws.ca/tomato-beefsteak-red/p/20426141001_KG?source=nspt", "brand": "", "package_size": "$4.39/1kg", "unit_price": "$1.99/1lb", "stock": "In stock", "points": "", "date_scraped": "2024-07-03T13:46:16.580044", "product_id": "d72a1df4b6a1171e5d4795843ae891d4", "organic": false},
{"store": "loblaws", "category": "Fresh Vegetables", "name": "Tomato On The Vine Red (1 Bunch)", "price": "", "sale_price": "about $1.55", "previous_price": "$3.90", "image_url": "https://assets.shop.loblaws.ca/products/20026703001/b3/en/front/20026703001_front_a06_@2.png", "link": "https://www.loblaws.ca/tomato-on-the-vine-red-1-bunch/p/20026703001_KG?source=nspt", "brand": "", "package_size": "$2.18/1kg", "unit_price": "$0.99/1lb", "stock": "In stock", "points": "", "date_scraped": "2024-07-03T13:46:16.582155", "product_id": "f949e750425901c07a25a602afc6d662", "organic": false},
{"store": "loblaws", "category": "Fresh Vegetables", "name": "Romaine Heart, 3 Pack", "price": "", "sale_price": "$3.99", "previous_price": "$5.99", "image_url": "https://assets.shop.loblaws.ca/products/20067389001/b3/en/front/20067389001_front_a06_@2.png", "link": "https://www.loblaws.ca/romaine-heart-3-pack/p/20067389001_EA?source=nspt", "brand": "", "package_size": "3 pack", "unit_price": "$1.33/1ea", "stock": "In stock", "points": "", "date_scraped": "2024-07-03T13:46:16.585261", "product_id": "c519e36b1553370b14fa1f84e89dcb05", "organic": false},
{"store": "loblaws", "category": "Fresh Fruits", "name": "Red Seedless Watermelon", "price": "", "sale_price": "$3.99", "previous_price": "$6.99", "image_url": "https://assets.shop.loblaws.ca/products/20067326001/b3/en/front/20067326001_front_a06_@2.png", "link": "https://www.loblaws.ca/red-seedless-watermelon/p/20067326001_EA?source=nspt", "brand": "", "package_size": "1 ea", "unit_price": "$3.99/1ea", "stock": "In stock", "points": "", "date_scraped": "2024-07-03T13:46:16.588356", "product_id": "c12cf6b5db2aad8c195c9fbc7d20579f", "organic": false},
{"store": "loblaws", "category": "Fresh Fruits", "name": "Blueberries 1 pint", "price": "$3.99", "sale_price": "", "previous_price": "", "image_url": "https://assets.shop.loblaws.ca/products/20080137001/b3/en/front/20080137001_front_a06_@2.png", "link": "https://www.loblaws.ca/blueberries-1-pint/p/20080137001_EA?source=nspt", "brand": "", "package_size": "340 g", "unit_price": "$1.17/100g", "stock": "In stock", "points": "", "date_scraped": "2024-07-03T13:46:16.592270", "product_id": "0dac3a20227b92ba804895aedcb4fc82", "organic": false},
{"store": "loblaws", "category": "Fresh Fruits", "name": "Red Cherries", "price": "about $11.76", "sale_price": "", "previous_price": "", "image_url": "https://assets.shop.loblaws.ca/products/20159690001/b3/en/front/20159690001_front_a06_@2.png", "link": "https://www.loblaws.ca/red-cherries/p/20159690001_KG?source=nspt", "brand": "", "package_size": "$13.21/1kg", "unit_price": "$5.99/1lb", "stock": "In stock", "points": "", "date_scraped": "2024-07-03T13:46:16.596855", "product_id": "8b0ea9bec5d822dfb5fcf59cfefbd821", "organic": false},
{"store": "loblaws", "category": "Deli Meat", "name": "Pizzeria Style Pepperoni", "price": "$4.99", "sale_price": "", "previous_price": "", "image_url": "https://assets.shop.loblaws.ca/products/21464136/b3/en/front/21464136_front_a06_@2.png", "link": "https://www.loblaws.ca/pizzeria-style-pepperoni/p/21464136_EA?source=nspt", "brand": "President's Choice", "package_size": "150 g", "unit_price": "$3.33/100g", "stock": "In stock", "points": "", "date_scraped": "2024-07-03T13:46:16.600500", "product_id": "6f79f0592e8c08773b68b5061da7b5ad", "organic": false},
{"store": "loblaws", "category": "Deli Meat", "name": "Pepperettes Sausage Sticks, Original", "price": "$11.99", "sale_price": "", "previous_price": "", "image_url": "https://assets.shop.loblaws.ca/products/20976110/b3/en/front/20976110_front_a06_@2.png", "link": "https://www.loblaws.ca/pepperettes-sausage-sticks-original/p/20976110_EA?source=nspt", "brand": "Schneider", "package_size": "375 g", "unit_price": "$3.20/100g", "stock": "In stock", "points": "", "date_scraped": "2024-07-03T13:46:16.604507", "product_id": "f2bcedc9ede9107b8315381e29f6195f", "organic": false},
{"store": "loblaws", "category": "Deli Meat", "name": "Pepperoni Mild Sliced", "price": "$13.99", "sale_price": "", "previous_price": "", "image_url": "https://assets.shop.loblaws.ca/products/21217461/b3/en/front/21217461_front_a06_@2.png", "link": "https://www.loblaws.ca/pepperoni-mild-sliced/p/21217461_EA?source=nspt", "brand": "Roma", "package_size": "900 g", "unit_price": "$1.55/100g", "stock": "In stock", "points": "", "date_scraped": "2024-07-03T13:46:16.607942", "product_id": "17e14daf7ed1e9802561009063fc3bde", "organic": false},
{"store": "loblaws", "category": "Fresh Vegetables", "name": "Lettuce Iceberg", "price": "$3.49", "sale_price": "", "previous_price": "", "image_url": "https://assets.shop.loblaws.ca/products/20135326001/b3/en/front/20135326001_front_a06_@2.png", "link": "https://www.loblaws.ca/lettuce-iceberg/p/20135326001_EA?source=nspt", "brand": "", "package_size": "1 ea", "unit_price": "$3.49/1ea", "stock": "In stock", "points": "", "date_scraped": "2024-07-03T13:46:16.611472", "product_id": "5685047389349c5fe3c4f9a010a94723", "organic": false},
{"store": "loblaws", "category": "Fresh Vegetables", "name": "Yellow Onions, 3 lb Bag", "price": "$4.49", "sale_price": "", "previous_price": "", "image_url": "https://assets.shop.loblaws.ca/products/20811994001/b3/en/front/20811994001_front_a06_@2.png", "link": "https://www.loblaws.ca/yellow-onions-3-lb-bag/p/20811994001_EA?source=nspt", "brand": "Farmer's Market", "package_size": "1.36 kg", "unit_price": "$0.33/100g", "stock": "In stock", "points": "", "date_scraped": "2024-07-03T13:46:16.614859", "product_id": "1bf21273cac1161e52765d9f2131c5a7", "organic": false},
{"store": "loblaws", "category": "Fresh Vegetables", "name": "Red Onion", "price": "about $2.85", "sale_price": "", "previous_price": "", "image_url": "https://assets.shop.loblaws.ca/products/20134101001/b3/en/front/20134101001_front_a06_@2.png", "link": "https://www.loblaws.ca/red-onion/p/20134101001_KG?source=nspt", "brand": "", "package_size": "$7.69/1kg", "unit_price": "$3.49/1lb", "stock": "In stock", "points": "", "date_scraped": "2024-07-03T13:46:16.616951", "product_id": "b292aa50ac87e7dc04d360a52c5e1db1", "organic": false},
{"store": "loblaws", "category": "Fresh Vegetables", "name": "Asparagus", "price": "about $5.19", "sale_price": "", "previous_price": "", "image_url": "https://assets.shop.loblaws.ca/products/20174581001/b3/en/front/20174581001_front_a06_@2.png", "link": "https://www.loblaws.ca/asparagus/p/20174581001_KG?source=nspt", "brand": "", "package_size": "$8.80/1kg", "unit_price": "$3.99/1lb", "stock": "In stock", "points": "", "date_scraped": "2024-07-03T13:46:16.619059", "product_id": "9168f3125cae720813971b57d1055394", "organic": false},
{"store": "loblaws", "category": "Fresh Fruits", "name": "Lemon", "price": "$0.99", "sale_price": "", "previous_price": "", "image_url": "https://assets.shop.loblaws.ca/products/20028593001/b3/en/front/20028593001_front_a06_@2.png", "link": "https://www.loblaws.ca/lemon/p/20028593001_EA?source=nspt", "brand": "", "package_size": "1 ea", "unit_price": "$0.99/1ea", "stock": "In stock", "points": "", "date_scraped": "2024-07-03T13:46:16.621719", "product_id": "cca74346fa214922e47457511a262fd0", "organic": false},
{"store": "loblaws", "category": "Fresh Fruits", "name": "Avocados Bag, 5-Pack", "price": "$3.99", "sale_price": "", "previous_price": "", "image_url": "https://assets.shop.loblaws.ca/products/20142232001/b3/en/front/20142232001_front_a06_@2.png", "link": "https://www.loblaws.ca/avocados-bag-5-pack/p/20142232001_EA?source=nspt", "brand": "", "package_size": "1 ea", "unit_price": "$0.80/1ea", "stock": "In stock", "points": "", "date_scraped": "2024-07-03T13:46:16.624873", "product_id": "ab30a4a6acbabe4333ec0d431993c2d7", "organic": false},
{"store": "loblaws", "category": "Fresh Fruits", "name": "Extra Large Red Seedless Grapes", "price": "about $8.71", "sale_price": "", "previous_price": "", "image_url": "https://assets.shop.loblaws.ca/products/20159199001/b3/en/front/20159199001_front_a06_@2.png", "link": "https://www.loblaws.ca/extra-large-red-seedless-grapes/p/20159199001_KG?source=nspt", "brand": "", "package_size": "$8.80/1kg", "unit_price": "$3.99/1lb", "stock": "In stock", "points": "", "date_scraped": "2024-07-03T13:46:16.627436", "product_id": "50ec3503a586aaea75324d74a35c8d00", "organic": false},
{"store": "loblaws", "category": "Fresh Fruits", "name": "Limes", "price": "$0.99", "sale_price": "", "previous_price": "", "image_url": "https://assets.shop.loblaws.ca/products/20040489001/b3/en/front/20040489001_front_a06_@2.png", "link": "https://www.loblaws.ca/limes/p/20040489001_EA?source=nspt", "brand": "", "package_size": "1 ea", "unit_price": "$0.99/1ea", "stock": "In stock", "points": "", "date_scraped": "2024-07-03T13:46:16.629558", "product_id": "ff47b72c76bcd3893c72f97672374bf4", "organic": false},
{"store": "loblaws", "category": "Deli Meat", "name": "Pepperoni, Sliced", "price": "$8.49", "sale_price": "", "previous_price": "", "image_url": "https://assets.shop.loblaws.ca/products/20042333/b3/en/front/20042333_front_a06_@2.png", "link": "https://www.loblaws.ca/pepperoni-sliced/p/20042333_EA?source=nspt", "brand": "Pillers", "package_size": "250 g", "unit_price": "$33.96/1kg $3.40/100g", "stock": "In stock", "points": "", "date_scraped": "2024-07-03T13:46:16.632778", "product_id": "588cae54d993de1446a192ea4ac5972a", "organic": false},
{"store": "loblaws", "category": "Deli Meat", "name": "Pepperettes Sausage Sticks, Turkey", "price": "$11.99", "sale_price": "", "previous_price": "", "image_url": "https://assets.shop.loblaws.ca/products/20976093/b3/en/front/20976093_front_a06_@2.png", "link": "https://www.loblaws.ca/pepperettes-sausage-sticks-turkey/p/20976093_EA?source=nspt", "brand": "Schneider", "package_size": "375 g", "unit_price": "$3.20/100g", "stock": "In stock", "points": "", "date_scraped": "2024-07-03T13:46:16.635942", "product_id": "06d39ee75b41ac9bcde187387f81ab79", "organic": false},
{"store": "loblaws", "category": "Deli Meat", "name": "Pepperettes Sausage Sticks, Pepperoni", "price": "$11.99", "sale_price": "", "previous_price": "", "image_url": "https://assets.shop.loblaws.ca/products/21433636/b3/en/front/21433636_front_a06_@2.png", "link": "https://www.loblaws.ca/pepperettes-sausage-sticks-pepperoni/p/21433636_EA?source=nspt", "brand": "Schneider", "package_size": "300 g", "unit_price": "$4.00/100g", "stock": "In stock", "points": "", "date_scraped": "2024-07-03T13:46:16.638581", "product_id": "de0c04d8caec38ab31b17a650ea55f97", "organic": false},
{"store": "loblaws", "category": "Deli Meat", "name": "Turkey Bites Smoked Turkey Sausage Original", "price": "$12.99", "sale_price": "", "previous_price": "", "image_url": "https://assets.shop.loblaws.ca/products/21099386/b3/en/front/21099386_front_a06_@2.png", "link": "https://www.loblaws.ca/turkey-bites-smoked-turkey-sausage-original/p/21099386_EA?source=nspt", "brand": "Pillers", "package_size": "300 g", "unit_price": "$4.33/100g", "stock": "In stock", "points": "", "date_scraped": "2024-07-03T13:46:16.641698", "product_id": "5a9ae27989743b166abe8bffd88d8546", "organic": false},
{"store": "loblaws", "category": "Fresh Vegetables", "name": "Red Peppers    ", "price": "about $2.11", "sale_price": "", "previous_price": "", "image_url": "https://assets.shop.loblaws.ca/products/20007535001/b3/en/front/20007535001_front_a06_@2.png", "link": "https://www.loblaws.ca/red-peppers/p/20007535001_KG?source=nspt", "brand": "", "package_size": "$8.80/1kg", "unit_price": "$3.99/1lb", "stock": "In stock", "points": "", "date_scraped": "2024-07-03T13:46:16.644807", "product_id": "b553ae4604883079e4c41aed28b8bb7e", "organic": false},
{"store": "loblaws", "category": "Fresh Vegetables", "name": "Celery Stalks", "price": "$3.49", "sale_price": "", "previous_price": "", "image_url": "https://assets.shop.loblaws.ca/products/20163119001/b3/en/front/20163119001_front_a06_@2.png", "link": "https://www.loblaws.ca/celery-stalks/p/20163119001_EA?source=nspt", "brand": "", "package_size": "1 ea", "unit_price": "$3.49/1ea", "stock": "In stock", "points": "", "date_scraped": "2024-07-03T13:46:16.646874", "product_id": "b23b0b94fecfde2779a928b472d6aa5c", "organic": false},
{"store": "loblaws", "category": "Fresh Vegetables", "name": "Zucchini", "price": "about $1.54", "sale_price": "", "previous_price": "", "image_url": "https://assets.shop.loblaws.ca/products/20426596001/b3/en/front/20426596001_front_a06_@2.png", "link": "https://www.loblaws.ca/zucchini/p/20426596001_KG?source=nspt", "brand": "", "package_size": "$5.49/1kg", "unit_price": "$2.49/1lb", "stock": "In stock", "points": "", "date_scraped": "2024-07-03T13:46:16.649194", "product_id": "4c73d2bad9f9b37aaa69eee7b473acbf", "organic": false},
{"store": "loblaws", "category": "Fresh Vegetables", "name": "Bi-Colour Corn, Corn on the Cob", "price": "$0.89", "sale_price": "", "previous_price": "", "image_url": "https://assets.shop.loblaws.ca/products/20131170001/b3/en/front/20131170001_front_a06_@2.png", "link": "https://www.loblaws.ca/bi-colour-corn-corn-on-the-cob/p/20131170001_EA?source=nspt", "brand": "", "package_size": "1 ea", "unit_price": "$0.89/1ea", "stock": "In stock", "points": "", "date_scraped": "2024-07-03T13:46:16.650782", "product_id": "e19e3fa3dea7bad7743c140e351c27e2", "organic": false},
{"store": "loblaws", "category": "Fresh Vegetables", "name": "English Cucumber 3Ct    ", "price": "$3.99", "sale_price": "", "previous_price": "", "image_url": "https://assets.shop.loblaws.ca/products/20828461001/b3/en/front/20828461001_front_a06_@2.png", "link": "https://www.loblaws.ca/english-cucumber-3ct/p/20828461001_EA?source=nspt", "brand": "Farmer's Market", "package_size": "3 pack", "unit_price": "$1.33/1ea", "stock": "In stock", "points": "", "date_scraped": "2024-07-03T13:46:16.652838", "product_id": "f69a45b18545b5bc45fe472b94529542", "organic": false},
{"store": "loblaws", "category": "Fresh Fruits", "name": "Strawberry Quart", "price": "$4.99", "sale_price": "", "previous_price": "", "image_url": "https://assets.shop.loblaws.ca/products/20503017001/b3/en/front/20503017001_front_a06_@2.png", "link": "https://www.loblaws.ca/strawberry-quart/p/20503017001_EA?source=nspt", "brand": "", "package_size": "517 g", "unit_price": "$0.97/100g", "stock": "In stock", "points": "", "date_scraped": "2024-07-03T13:46:16.657093", "product_id": "594bbd30814a2af10800b3be563903c3", "organic": false},
{"store": "loblaws", "category": "Fresh Fruits", "name": "Extra Large Green Seedless Grapes", "price": "about $8.98", "sale_price": "", "previous_price": "", "image_url": "https://assets.shop.loblaws.ca/products/20425775001/b3/en/front/20425775001_front_a06_@2.png", "link": "https://www.loblaws.ca/extra-large-green-seedless-grapes/p/20425775001_KG?source=nspt", "brand": "", "package_size": "$8.80/1kg", "unit_price": "$3.99/1lb", "stock": "In stock", "points": "", "date_scraped": "2024-07-03T13:46:16.660991", "product_id": "b6798758b5daaa2dd142c77bc1540058", "organic": false},
{"store": "loblaws", "category": "Fresh Fruits", "name": "Raspberries 1/2 pint", "price": "$3.99", "sale_price": "", "previous_price": "", "image_url": "https://assets.shop.loblaws.ca/products/20128938001/b3/en/front/20128938001_front_a06_@2.png", "link": "https://www.loblaws.ca/raspberries-1-2-pint/p/20128938001_EA?source=nspt", "brand": "", "package_size": "170 g", "unit_price": "$2.35/100g", "stock": "In stock", "points": "", "date_scraped": "2024-07-03T13:46:16.663603", "product_id": "387684c4b722ff25d8c3317b42e1c669", "organic": false},
{"store": "loblaws", "category": "Deli Meat", "name": "Pepperoni, Sliced", "price": "$6.49", "sale_price": "", "previous_price": "", "image_url": "https://assets.shop.loblaws.ca/products/20085869/b3/en/front/20085869_front_a06_@2.png", "link": "https://www.loblaws.ca/pepperoni-sliced/p/20085869_EA?source=nspt", "brand": "Ziggy's", "package_size": "175 g", "unit_price": "$37.09/1kg $3.71/100g", "stock": "In stock", "points": "", "date_scraped": "2024-07-03T13:46:16.668395", "product_id": "24f665068ea186cf98a10ffdf0a640b3", "organic": false},
{"store": "loblaws", "category": "Deli Meat", "name": "Sliced Turkey Pepperoni", "price": "$6.49", "sale_price": "", "previous_price": "", "image_url": "https://assets.shop.loblaws.ca/products/21434499/b3/en/front/21434499_front_a06_@2.png", "link": "https://www.loblaws.ca/sliced-turkey-pepperoni/p/21434499_EA?source=nspt", "brand": "Ziggy's", "package_size": "175 g", "unit_price": "$3.71/100g", "stock": "Out of Stock", "points": "", "date_scraped": "2024-07-03T13:46:16.671445", "product_id": "c9e6de4af807af25b0dd3f190599c21b", "organic": false},
{"store": "loblaws", "category": "Deli Meat", "name": "Pepperoni, Sliced Club Pack", "price": "$11.99", "sale_price": "", "previous_price": "", "image_url": "https://assets.shop.loblaws.ca/products/20040698/b3/en/front/20040698_front_a06_@2.png", "link": "https://www.loblaws.ca/pepperoni-sliced-club-pack/p/20040698_EA?source=nspt", "brand": "Ziggy's", "package_size": "500 g", "unit_price": "$23.98/1kg $2.40/100g", "stock": "In stock", "points": "", "date_scraped": "2024-07-03T13:46:16.673128", "product_id": "96b418c3464e506106867a56a898c258", "organic": false},
{"store": "loblaws", "category": "Fresh Vegetables", "name": "Grape Tomatoes", "price": "$3.99", "sale_price": "", "previous_price": "", "image_url": "https://assets.shop.loblaws.ca/products/21367888001/b3/en/front/21367888001_front_a06_@2.png", "link": "https://www.loblaws.ca/grape-tomatoes/p/21367888001_EA?source=nspt", "brand": "Farmer's Market", "package_size": "283 g", "unit_price": "$1.41/100g", "stock": "In stock", "points": "", "date_scraped": "2024-07-03T13:46:16.674713", "product_id": "a9dbbac26c1c76e6c98890602203e0e1", "organic": false},
{"store": "loblaws", "category": "Fresh Vegetables", "name": "Broccoli", "price": "$3.79", "sale_price": "", "previous_price": "", "image_url": "https://assets.shop.loblaws.ca/products/20145621001/b3/en/front/20145621001_front_a06_@2.png", "link": "https://www.loblaws.ca/broccoli/p/20145621001_EA?source=nspt", "brand": "", "package_size": "1 ea", "unit_price": "$3.79/1ea", "stock": "In stock", "points": "", "date_scraped": "2024-07-03T13:46:16.676897", "product_id": "b45a432f19dc5de1768bee561286e889", "organic": false},
{"store": "loblaws", "category": "Fresh Vegetables", "name": "Sweet Green Peppers", "price": "about $2.16", "sale_price": "", "previous_price": "", "image_url": "https://assets.shop.loblaws.ca/products/20425893001/b3/en/front/20425893001_front_a06_@2.png", "link": "https://www.loblaws.ca/sweet-green-peppers/p/20425893001_KG?source=nspt", "brand": "", "package_size": "$8.80/1kg", "unit_price": "$3.99/1lb", "stock": "In stock", "points": "", "date_scraped": "2024-07-03T13:46:16.678456", "product_id": "1af9117a83317d276f7dac967561bad3", "organic": false},
{"store": "loblaws", "category": "Fresh Vegetables", "name": "Roma Tomatoes", "price": "about $0.66", "sale_price": "", "previous_price": "", "image_url": "https://assets.shop.loblaws.ca/products/20143381001/b3/en/front/20143381001_front_a06_@2.png", "link": "https://www.loblaws.ca/roma-tomatoes/p/20143381001_KG?source=nspt", "brand": "", "package_size": "$5.49/1kg", "unit_price": "$2.49/1lb", "stock": "In stock", "points": "", "date_scraped": "2024-07-03T13:46:16.678980", "product_id": "3ad76162926e86a408db7e1e59bbac0a", "organic": false},
{"store": "loblaws", "category": "Fresh Vegetables", "name": "Garlic Bulbs, 3-count", "price": "$0.99", "sale_price": "", "previous_price": "", "image_url": "https://assets.shop.loblaws.ca/products/21004355001/b3/en/front/21004355001_front_a06_@2.png", "link": "https://www.loblaws.ca/garlic-bulbs-3-count/p/21004355001_EA?source=nspt", "brand": "Rooster", "package_size": "90 g", "unit_price": "$0.33/1ea", "stock": "In stock", "points": "", "date_scraped": "2024-07-03T13:46:16.681232", "product_id": "9c69d91d06faefcb329e91598960a0e5", "organic": false},
{"store": "loblaws", "category": "Fresh Vegetables", "name": "Sweet Onion", "price": "about $3.03", "sale_price": "", "previous_price": "", "image_url": "https://assets.shop.loblaws.ca/products/20083454001/b3/en/front/20083454001_front_a06_@2.png", "link": "https://www.loblaws.ca/sweet-onion/p/20083454001_KG?source=nspt", "brand": "", "package_size": "$6.59/1kg", "unit_price": "$2.99/1lb", "stock": "In stock", "points": "", "date_scraped": "2024-07-03T13:46:16.682832", "product_id": "e33f496ba5ebe80d192bd8ffacd561a7", "organic": false},
{"store": "loblaws", "category": "Fresh Vegetables", "name": "Ginger", "price": "about $1.85", "sale_price": "", "previous_price": "", "image_url": "https://assets.shop.loblaws.ca/products/20179038001/b3/en/front/20179038001_front_a06_@2.png", "link": "https://www.loblaws.ca/ginger/p/20179038001_KG?source=nspt", "brand": "", "package_size": "$8.80/1kg", "unit_price": "$3.99/1lb", "stock": "In stock", "points": "", "date_scraped": "2024-07-03T13:46:16.684359", "product_id": "5c12feeb4745cbc0b2ac1de69e65e2bc", "organic": false},
{"store": "loblaws", "category": "Fresh Fruits", "name": "Organic Bananas, Bunch", "price": "about $2.88", "sale_price": "", "previous_price": "", "image_url": "https://assets.shop.loblaws.ca/products/20139509001/b3/en/front/20139509001_front_a06_@2.png", "link": "https://www.loblaws.ca/organic-bananas-bunch/p/20139509001_KG?source=nspt", "brand": "PC Organics", "package_size": "$2.62/1kg", "unit_price": "$1.19/1lb", "stock": "In stock", "points": "", "date_scraped": "2024-07-03T13:46:16.686187", "product_id": "ed25472a122192e23ace7a1ceedaaf7c", "organic": true},
{"store": "loblaws", "category": "Fresh Fruits", "name": "Cantaloupe", "price": "", "sale_price": "$3.99", "previous_price": "$5.99", "image_url": "https://assets.shop.loblaws.ca/products/20167017001/b3/en/front/20167017001_front_a06_@2.png", "link": "https://www.loblaws.ca/cantaloupe/p/20167017001_EA?source=nspt", "brand": "", "package_size": "1 ea", "unit_price": "$3.99/1ea", "stock": "In stock", "points": "", "date_scraped": "2024-07-03T13:46:16.687754", "product_id": "f22064074e3e2d0db347a6979f87e6f1", "organic": false},
{"store": "loblaws", "category": "Fresh Fruits", "name": "Mandarin Oranges, 2 lb bag", "price": "$4.99", "sale_price": "", "previous_price": "", "image_url": "https://assets.shop.loblaws.ca/products/20099819001/b3/en/front/20099819001_front_a06_@2.png", "link": "https://www.loblaws.ca/mandarin-oranges-2-lb-bag/p/20099819001_EA?source=nspt", "brand": "Farmer's Market", "package_size": "907 g", "unit_price": "$0.55/100g", "stock": "In stock", "points": "", "date_scraped": "2024-07-03T13:46:16.688797", "product_id": "cbd418db8f1fd7e70aa33035e6d1c718", "organic": false},
{"store": "loblaws", "category": "Fresh Fruits", "name": "Blackberries 1/2 Pint", "price": "", "sale_price": "$2.99", "previous_price": "$3.99", "image_url": "https://assets.shop.loblaws.ca/products/20051015001/b3/en/front/20051015001_front_a06_@2.png", "link": "https://www.loblaws.ca/blackberries-1-2-pint/p/20051015001_EA?source=nspt", "brand": "", "package_size": "170 g", "unit_price": "$1.76/100g", "stock": "In stock", "points": "", "date_scraped": "2024-07-03T13:46:16.690362", "product_id": "a870335a5d0775f70cef44e887a1acac", "organic": false},
{"store": "loblaws", "category": "Fresh Fruits", "name": "Royal Gala Apples", "price": "about $1.38", "sale_price": "", "previous_price": "", "image_url": "https://assets.shop.loblaws.ca/products/20083526001/b3/en/front/20083526001_front_a06_@2.png", "link": "https://www.loblaws.ca/royal-gala-apples/p/20083526001_KG?source=nspt", "brand": "", "package_size": "$6.59/1kg", "unit_price": "$2.99/1lb", "stock": "In stock", "points": "", "date_scraped": "2024-07-03T13:46:16.691928", "product_id": "f5fa3a7cde9c5f51a97a2ef18ac62d01", "organic": false},
{"store": "loblaws", "category": "Fresh Fruits", "name": "Bartlett Pears", "price": "", "sale_price": "about $0.92", "previous_price": "$1.38", "image_url": "https://assets.shop.loblaws.ca/products/20172240001/b3/en/front/20172240001_front_a06_@2.png", "link": "https://www.loblaws.ca/bartlett-pears/p/20172240001_KG?source=nspt", "brand": "", "package_size": "$4.39/1kg", "unit_price": "$1.99/1lb", "stock": "In stock", "points": "", "date_scraped": "2024-07-03T13:46:16.693504", "product_id": "ea246df88b703cb20e7b0495653c90de", "organic": false},
{"store": "loblaws", "category": "Fresh Fruits", "name": "Mango", "price": "$2.99", "sale_price": "", "previous_price": "", "image_url": "https://assets.shop.loblaws.ca/products/20059635001/b3/en/front/20059635001_front_a06_@2.png", "link": "https://www.loblaws.ca/mango/p/20059635001_EA?source=nspt", "brand": "", "package_size": "1 ea", "unit_price": "$2.99/1ea", "stock": "In stock", "points": "", "date_scraped": "2024-07-03T13:46:16.695076", "product_id": "1b36a1e4829decc81f2915ef91174523", "organic": false},
{"store": "loblaws", "category": "Deli Meat", "name": "Pepperoni, Pizza Cut", "price": "$6.49", "sale_price": "", "previous_price": "", "image_url": "https://assets.shop.loblaws.ca/products/20832437/b3/en/front/20832437_front_a06_@2.png", "link": "https://www.loblaws.ca/pepperoni-pizza-cut/p/20832437_EA?source=nspt", "brand": "Marcangelo", "package_size": "175 g", "unit_price": "$37.09/1kg $3.71/100g", "stock": "In stock", "points": "", "date_scraped": "2024-07-03T13:46:16.696661", "product_id": "c71485aad694f36c4f695fc5d4813309", "organic": false},
{"store": "loblaws", "category": "Deli Meat", "name": "Pepperoni Original", "price": "$12.99", "sale_price": "", "previous_price": "", "image_url": "https://assets.shop.loblaws.ca/products/21099391/b3/en/front/21099391_front_a06_@2.png", "link": "https://www.loblaws.ca/pepperoni-original/p/21099391_EA?source=nspt", "brand": "Pillers", "package_size": "500 g", "unit_price": "$2.60/100g", "stock": "In stock", "points": "", "date_scraped": "2024-07-03T13:46:16.698234", "product_id": "07b23498c9fc9f387d29c6c9e09cdc9c", "organic": false},
{"store": "loblaws", "category": "Deli Meat", "name": "Pepperettes Sausage Sticks, Honey Garlic", "price": "$11.99", "sale_price": "", "previous_price": "", "image_url": "https://assets.shop.loblaws.ca/products/21433732/b3/en/front/21433732_front_a06_@2.png", "link": "https://www.loblaws.ca/pepperettes-sausage-sticks-honey-garlic/p/21433732_EA?source=nspt", "brand": "Schneider", "package_size": "300 g", "unit_price": "$4.00/100g", "stock": "In stock", "points": "", "date_scraped": "2024-07-03T13:46:16.699808", "product_id": "ab0046b2b9602cb4b8c852c2bb9db6f7", "organic": false},
{"store": "loblaws", "category": "Deli Meat", "name": "Pepperettes\u00ae Sausage Sticks, Hot Pepperoni", "price": "$11.99", "sale_price": "", "previous_price": "", "image_url": "https://assets.shop.loblaws.ca/products/21053172/b3/en/front/21053172_front_a06_@2.png", "link": "https://www.loblaws.ca/pepperettes-sausage-sticks-hot-pepperoni/p/21053172_EA?source=nspt", "brand": "Schneider", "package_size": "375 g", "unit_price": "$3.20/100g", "stock": "In stock", "points": "", "date_scraped": "2024-07-03T13:46:16.701364", "product_id": "e31bdc9cf4a3d7977444b6dd3d0ae84e", "organic": false},
{"store": "loblaws", "category": "Deli Meat", "name": "Tuscan Style Salami Sticks Dry Cured", "price": "$12.99", "sale_price": "", "previous_price": "", "image_url": "https://assets.shop.loblaws.ca/products/21170544/b3/en/front/21170544_front_a06_@2.png", "link": "https://www.loblaws.ca/tuscan-style-salami-sticks-dry-cured/p/21170544_EA?source=nspt", "brand": "Pillers", "package_size": "300 g", "unit_price": "$4.33/100g", "stock": "In stock", "points": "", "date_scraped": "2024-07-03T13:46:16.702923", "product_id": "de1dd3f82c8fa1982870c2b923993ead", "organic": false},
{"store": "loblaws", "category": "Deli Meat", "name": "Pepperettes Bites Sausage Snacks, Pepperoni", "price": "$11.99", "sale_price": "", "previous_price": "", "image_url": "https://assets.shop.loblaws.ca/products/21354904/b3/en/front/21354904_front_a06_@2.png", "link": "https://www.loblaws.ca/pepperettes-bites-sausage-snacks-pepperoni/p/21354904_EA?source=nspt", "brand": "Schneider", "package_size": "300 g", "unit_price": "$4.00/100g", "stock": "In stock", "points": "", "date_scraped": "2024-07-03T13:46:16.704483", "product_id": "86542de6be5cb56a4e18d7319e58eaa3", "organic": false},
{"store": "loblaws", "category": "Deli Meat", "name": "Dry Pepperoni Sticks", "price": "$14.99", "sale_price": "", "previous_price": "", "image_url": "https://assets.shop.loblaws.ca/products/20361952/b3/en/front/20361952_front_a06_@2.png", "link": "https://www.loblaws.ca/dry-pepperoni-sticks/p/20361952_EA?source=nspt", "brand": "Freybe", "package_size": "500 g", "unit_price": "$29.98/1kg $3.00/100g", "stock": "In stock", "points": "", "date_scraped": "2024-07-03T13:46:16.705001", "product_id": "ba6193096daa32a11f3d34ea8abc8be4", "organic": false},
{"store": "loblaws", "category": "Fresh Vegetables", "name": "Sweet Corn", "price": "", "sale_price": "$4.99", "previous_price": "$5.99", "image_url": "https://assets.shop.loblaws.ca/products/20348977001/b3/en/front/20348977001_front_a06_@2.png", "link": "https://www.loblaws.ca/sweet-corn/p/20348977001_EA?source=nspt", "brand": "Farmer's Market", "package_size": "4 pack", "unit_price": "$1.25/1ea", "stock": "In stock", "points": "", "date_scraped": "2024-07-03T13:46:16.707552", "product_id": "ed5435c37516fe1964aa614f0eb75a89", "organic": false},
{"store": "loblaws", "category": "Fresh Vegetables", "name": "Cauliflower", "price": "$4.99", "sale_price": "", "previous_price": "", "image_url": "https://assets.shop.loblaws.ca/products/20135377001/b3/en/front/20135377001_front_a06_@2.png", "link": "https://www.loblaws.ca/cauliflower/p/20135377001_EA?source=nspt", "brand": "", "package_size": "1 ea", "unit_price": "$4.99/1ea", "stock": "In stock", "points": "", "date_scraped": "2024-07-03T13:46:16.709445", "product_id": "ede3846bac4e80d86bbbcfab5067e0ab", "organic": false},
{"store": "loblaws", "category": "Fresh Vegetables", "name": "Carrots, 3 lb Bag", "price": "$3.99", "sale_price": "", "previous_price": "", "image_url": "https://assets.shop.loblaws.ca/products/20600927001/b3/en/front/20600927001_front_a06_@2.png", "link": "https://www.loblaws.ca/carrots-3-lb-bag/p/20600927001_EA?source=nspt", "brand": "Farmer's Market", "package_size": "1.362 kg", "unit_price": "$0.29/100g", "stock": "In stock", "points": "", "date_scraped": "2024-07-03T13:46:16.711002", "product_id": "8ce5bfc0726ec342bef3cb2261d06a5c", "organic": false},
{"store": "loblaws", "category": "Fresh Vegetables", "name": "Russet Potatoes, 10 lb Bag", "price": "$5.99", "sale_price": "", "previous_price": "", "image_url": "https://assets.shop.loblaws.ca/products/20601020001/b3/en/front/20601020001_front_a06_@2.png", "link": "https://www.loblaws.ca/russet-potatoes-10-lb-bag/p/20601020001_EA?source=nspt", "brand": "Farmer's Market", "package_size": "4.54 kg", "unit_price": "$0.13/100g", "stock": "In stock", "points": "", "date_scraped": "2024-07-03T13:46:16.713885", "product_id": "b388b217c4067d0e4db5a1e02bd94d5a", "organic": false},
{"store": "loblaws", "category": "Fresh Vegetables", "name": "Broccoli Crowns", "price": "about $2.92", "sale_price": "", "previous_price": "", "image_url": "https://assets.shop.loblaws.ca/products/20026161001/b3/en/front/20026161001_front_a06_@2.png", "link": "https://www.loblaws.ca/broccoli-crowns/p/20026161001_KG?source=nspt", "brand": "", "package_size": "$7.69/1kg", "unit_price": "$3.49/1lb", "stock": "In stock", "points": "", "date_scraped": "2024-07-03T13:46:16.716504", "product_id": "6555fbf604d5c10c5846818c57d5cd00", "organic": false},
{"store": "loblaws", "category": "Fresh Fruits", "name": "Peaches ", "price": "$8.99", "sale_price": "", "previous_price": "", "image_url": "https://assets.shop.loblaws.ca/products/20826568001/b3/en/front/20826568001_front_a06_@2.png", "link": "https://www.loblaws.ca/peaches/p/20826568001_EA?source=nspt", "brand": "Farmer's Market", "package_size": "3 l", "unit_price": "$0.30/100ml", "stock": "In stock", "points": "2,000 PC Optimum Points", "date_scraped": "2024-07-03T13:46:16.720322", "product_id": "7ba1710b136acc5aa9659daedc1991f4", "organic": false},
{"store": "loblaws", "category": "Fresh Fruits", "name": "Navel Orange", "price": "about $1.54", "sale_price": "", "previous_price": "", "image_url": "https://assets.shop.loblaws.ca/products/20426078001/b3/en/front/20426078001_front_a06_@2.png", "link": "https://www.loblaws.ca/navel-orange/p/20426078001_KG?source=nspt", "brand": "", "package_size": "$4.39/1kg", "unit_price": "$1.99/1lb", "stock": "In stock", "points": "", "date_scraped": "2024-07-03T13:46:16.722948", "product_id": "115d4173a65c27c9e62bcd711891c647", "organic": false},
{"store": "loblaws", "category": "Fresh Fruits", "name": "Navel Oranges, 3 lb Bag", "price": "$5.99", "sale_price": "", "previous_price": "", "image_url": "https://assets.shop.loblaws.ca/products/20162945001/b3/en/front/20162945001_front_a06_@2.png", "link": "https://www.loblaws.ca/navel-oranges-3-lb-bag/p/20162945001_EA?source=nspt", "brand": "Farmer's Market", "package_size": "1.36 kg", "unit_price": "$0.44/100g", "stock": "In stock", "points": "", "date_scraped": "2024-07-03T13:46:16.724956", "product_id": "7c617d179c04f3c6140d8c8ea3aa68aa", "organic": false},
{"store": "loblaws", "category": "Fresh Fruits", "name": "Blueberries", "price": "$6.99", "sale_price": "", "previous_price": "", "image_url": "https://assets.shop.loblaws.ca/products/20338666001/b3/en/front/20338666001_front_a06_@2.png", "link": "https://www.loblaws.ca/blueberries/p/20338666001_EA?source=nspt", "brand": "", "package_size": "510 g", "unit_price": "$1.37/100g", "stock": "In stock", "points": "", "date_scraped": "2024-07-03T13:46:16.728053", "product_id": "c44affda99c546870a3ae212b2ec4bab", "organic": false},
{"store": "loblaws", "category": "Deli Meat", "name": "Free From Turkey Pepperellos", "price": "$12.99", "sale_price": "", "previous_price": "", "image_url": "https://assets.shop.loblaws.ca/products/21108029/b3/en/front/21108029_front_a06_@2.png", "link": "https://www.loblaws.ca/free-from-turkey-pepperellos/p/21108029_EA?source=nspt", "brand": "President's Choice", "package_size": "300 g", "unit_price": "$4.33/100g", "stock": "In stock", "points": "", "date_scraped": "2024-07-03T13:46:16.731448", "product_id": "10103bd233814aee22c84b4d730493e2", "organic": false},
{"store": "loblaws", "category": "Deli Meat", "name": "Pepperettes Sausage Sticks, Beef", "price": "$11.99", "sale_price": "", "previous_price": "", "image_url": "https://assets.shop.loblaws.ca/products/21378982/b3/en/front/21378982_front_a06_@2.png", "link": "https://www.loblaws.ca/pepperettes-sausage-sticks-beef/p/21378982_EA?source=nspt", "brand": "Schneider", "package_size": "300 g", "unit_price": "$4.00/100g", "stock": "In stock", "points": "", "date_scraped": "2024-07-03T13:46:16.734062", "product_id": "3ac8e3f83c0b31154342ffa82578a211", "organic": false},
{"store": "loblaws", "category": "Deli Meat", "name": "Pepperettes Bites Sausage Snacks, European", "price": "$11.99", "sale_price": "", "previous_price": "", "image_url": "https://assets.shop.loblaws.ca/products/21354912/b3/en/front/21354912_front_a06_@2.png", "link": "https://www.loblaws.ca/pepperettes-bites-sausage-snacks-european/p/21354912_EA?source=nspt", "brand": "Schneider", "package_size": "250 g", "unit_price": "$4.80/100g", "stock": "In stock", "points": "", "date_scraped": "2024-07-03T13:46:16.736569", "product_id": "2941a7ca95ec4988653694625d430a5b", "organic": false},
{"store": "loblaws", "category": "Deli Meat", "name": "Snack Stick Naturals Pepperoni Turkey", "price": "", "sale_price": "$7.00", "previous_price": "$8.00", "image_url": "https://assets.shop.loblaws.ca/products/21527809/b3/en/front/21527809_front_a06_@2.png", "link": "https://www.loblaws.ca/snack-stick-naturals-pepperoni-turkey/p/21527809_EA?source=nspt", "brand": "Gold Label", "package_size": "250 g", "unit_price": "$2.80/100g", "stock": "In stock", "points": "", "date_scraped": "2024-07-03T13:46:16.739199", "product_id": "32a2eecb79ee34edc9c2451e8d7a4a2c", "organic": false},
{"store": "loblaws", "category": "Fresh Vegetables", "name": "Mini Carrots", "price": "$3.49", "sale_price": "", "previous_price": "", "image_url": "https://assets.shop.loblaws.ca/products/20117370001/b3/en/front/20117370001_front_a06_@2.png", "link": "https://www.loblaws.ca/mini-carrots/p/20117370001_EA?source=nspt", "brand": "Farmer's Market", "package_size": "340 g", "unit_price": "$1.03/100g", "stock": "In stock", "points": "", "date_scraped": "2024-07-03T13:46:16.742367", "product_id": "9ab08c7b722d207a4748c3fdcabced3a", "organic": false},
{"store": "loblaws", "category": "Fresh Vegetables", "name": "Colossal Garlic", "price": "about $1.32", "sale_price": "", "previous_price": "", "image_url": "https://assets.shop.loblaws.ca/products/20135581001/b3/en/front/20135581001_front_a06_@2.png", "link": "https://www.loblaws.ca/colossal-garlic/p/20135581001_KG?source=nspt", "brand": "", "package_size": "$13.21/1kg", "unit_price": "$5.99/1lb", "stock": "In stock", "points": "", "date_scraped": "2024-07-03T13:46:16.745518", "product_id": "78a9d04cd088038dbf14f8f0d73b42e5", "organic": false},
{"store": "loblaws", "category": "Fresh Vegetables", "name": "Sweet Potato", "price": "about $2.77", "sale_price": "", "previous_price": "", "image_url": "https://assets.shop.loblaws.ca/products/20127708001/b3/en/front/20127708001_front_a06_@2.png", "link": "https://www.loblaws.ca/sweet-potato/p/20127708001_KG?source=nspt", "brand": "", "package_size": "$4.39/1kg", "unit_price": "$1.99/1lb", "stock": "In stock", "points": "", "date_scraped": "2024-07-03T13:46:16.748120", "product_id": "f4a911c5a9fada99dc90d3190027947e", "organic": false},
{"store": "loblaws", "category": "Fresh Vegetables", "name": "Greenhouse Peppers", "price": "$4.99", "sale_price": "", "previous_price": "", "image_url": "https://assets.shop.loblaws.ca/products/20085851001/b3/en/front/20085851001_front_a06_@2.png", "link": "https://www.loblaws.ca/greenhouse-peppers/p/20085851001_EA?source=nspt", "brand": "Farmer's Market", "package_size": "1 ea", "unit_price": "$1.66/1ea", "stock": "In stock", "points": "", "date_scraped": "2024-07-03T13:46:16.750705", "product_id": "88435349af58841f7441a8401bdee3b8", "organic": false},
{"store": "loblaws", "category": "Fresh Fruits", "name": "Honeycrisp Apples", "price": "about $2.11", "sale_price": "", "previous_price": "", "image_url": "https://assets.shop.loblaws.ca/products/20132621001/b3/en/front/20132621001_front_a06_@2.png", "link": "https://www.loblaws.ca/honeycrisp-apples/p/20132621001_KG?source=nspt", "brand": "", "package_size": "$8.80/1kg", "unit_price": "$3.99/1lb", "stock": "In stock", "points": "", "date_scraped": "2024-07-03T13:46:16.753351", "product_id": "bef15ff35eda239fe00e1d2b1e23c6f3", "organic": false},
{"store": "loblaws", "category": "Fresh Fruits", "name": "Raspberry Pint ", "price": "$9.99", "sale_price": "", "previous_price": "", "image_url": "https://assets.shop.loblaws.ca/products/20034947001/b3/en/front/20034947001_front_a06_@2.png", "link": "https://www.loblaws.ca/raspberry-pint/p/20034947001_EA?source=nspt", "brand": "", "package_size": "340 g", "unit_price": "$2.94/100g", "stock": "In stock", "points": "", "date_scraped": "2024-07-03T13:46:16.754914", "product_id": "bf1a73acff1867007f53998c9424e6a1", "organic": false},
{"store": "loblaws", "category": "Fresh Fruits", "name": "Granny Smith Apples", "price": "about $1.32", "sale_price": "", "previous_price": "", "image_url": "https://assets.shop.loblaws.ca/products/20253488001/b3/en/front/20253488001_front_a06_@2.png", "link": "https://www.loblaws.ca/granny-smith-apples/p/20253488001_KG?source=nspt", "brand": "", "package_size": "$6.59/1kg", "unit_price": "$2.99/1lb", "stock": "In stock", "points": "", "date_scraped": "2024-07-03T13:46:16.756472", "product_id": "c0b6eb339cd630702388bb3c42653e0d", "organic": false},
{"store": "loblaws", "category": "Fresh Fruits", "name": "Naturally Imperfect Limes", "price": "$6.99", "sale_price": "", "previous_price": "", "image_url": "https://assets.shop.loblaws.ca/products/21124368001/b3/en/front/21124368001_front_a06_@2.png", "link": "https://www.loblaws.ca/naturally-imperfect-limes/p/21124368001_EA?source=nspt", "brand": "No Name", "package_size": "907 g", "unit_price": "$0.77/100g", "stock": "In stock", "points": "", "date_scraped": "2024-07-03T13:46:16.758040", "product_id": "756b9c57dbcdd8ab018f5f1d76935a3c", "organic": false},
{"store": "loblaws", "category": "Fresh Fruits", "name": "Ontario Greenhouse-Grown Strawberries ", "price": "", "sale_price": "$4.99", "previous_price": "$6.99", "image_url": "https://assets.shop.loblaws.ca/products/21027142001/b3/en/front/21027142001_front_a06_@2.png", "link": "https://www.loblaws.ca/ontario-greenhouse-grown-strawberries/p/21027142001_EA?source=nspt", "brand": "President's Choice", "package_size": "340 g", "unit_price": "$1.47/100g", "stock": "In stock", "points": "", "date_scraped": "2024-07-03T13:46:16.759082", "product_id": "a7d1e045d141083f8037cf57ddda590c", "organic": false},
{"store": "loblaws", "category": "Fresh Fruits", "name": "Lemons, 2 lb Bag", "price": "$5.99", "sale_price": "", "previous_price": "", "image_url": "https://assets.shop.loblaws.ca/products/20795315001/b3/en/front/20795315001_front_a06_@2.png", "link": "https://www.loblaws.ca/lemons-2-lb-bag/p/20795315001_EA?source=nspt", "brand": "Farmer's Market", "package_size": "907 g", "unit_price": "$0.66/100g", "stock": "In stock", "points": "", "date_scraped": "2024-07-03T13:46:16.760653", "product_id": "8ac7c06da579eca436c6bb551c169d30", "organic": false},
{"store": "loblaws", "category": "Fresh Fruits", "name": "Avocado", "price": "$2.99", "sale_price": "", "previous_price": "", "image_url": "https://assets.shop.loblaws.ca/products/20055266001/b3/en/front/20055266001_front_a06_@2.png", "link": "https://www.loblaws.ca/avocado/p/20055266001_EA?source=nspt", "brand": "", "package_size": "1 ea", "unit_price": "$2.99/1ea", "stock": "In stock", "points": "", "date_scraped": "2024-07-03T13:46:16.762209", "product_id": "68f96514285657e8a9f75664e017ea70", "organic": false},
{"store": "loblaws", "category": "Deli Meat", "name": "Toppings Pepperoni Cup & Char Semi-Dry Cured", "price": "$8.49", "sale_price": "", "previous_price": "", "image_url": "https://assets.shop.loblaws.ca/products/21493437/b3/en/front/21493437_front_a06_@2.png", "link": "https://www.loblaws.ca/toppings-pepperoni-cup-char-semi-dry-cured/p/21493437_EA?source=nspt", "brand": "Pillers", "package_size": "175 g", "unit_price": "$4.85/100g", "stock": "In stock", "points": "", "date_scraped": "2024-07-03T13:46:16.763761", "product_id": "501799a88dda56792ac4fa4c4dea32e7", "organic": false},
{"store": "loblaws", "category": "Deli Meat", "name": "Pepperettes Sausage Sticks, Hot European", "price": "$11.99", "sale_price": "", "previous_price": "", "image_url": "https://assets.shop.loblaws.ca/products/21552836/b3/en/front/21552836_front_a06_@2.png", "link": "https://www.loblaws.ca/pepperettes-sausage-sticks-hot-european/p/21552836_EA?source=nspt", "brand": "Schneider", "package_size": "300 g", "unit_price": "$4.00/100g", "stock": "In stock", "points": "", "date_scraped": "2024-07-03T13:46:16.765269", "product_id": "5fad7017f433d2ec13e98de84aa70b2d", "organic": false},
{"store": "loblaws", "category": "Deli Meat", "name": "Grandpa Ham", "price": "$3.79", "sale_price": "", "previous_price": "", "image_url": "https://assets.shop.loblaws.ca/products/20996152/b3/en/front/20996152_front_a06_@2.png", "link": "https://www.loblaws.ca/grandpa-ham/p/20996152_KG?source=nspt", "brand": "Sikorski Sausages", "package_size": "", "unit_price": "$37.90/1kg", "stock": "In stock", "points": "", "date_scraped": "2024-07-03T13:46:16.766272", "product_id": "fd514cabea8825c681e24186a57c3e66", "organic": false},
{"store": "loblaws", "category": "Deli Meat", "name": "Snack Stick Naturals Pepperoni Original", "price": "", "sale_price": "$7.00", "previous_price": "$8.00", "image_url": "https://assets.shop.loblaws.ca/products/21527821/b3/en/front/21527821_front_a06_@2.png", "link": "https://www.loblaws.ca/snack-stick-naturals-pepperoni-original/p/21527821_EA?source=nspt", "brand": "Gold Label", "package_size": "300 g", "unit_price": "$2.33/100g", "stock": "In stock", "points": "", "date_scraped": "2024-07-03T13:46:16.768278", "product_id": "b0f742c769389b47d2c0a3a51e58a29c", "organic": false},
{"store": "loblaws", "category": "Deli Meat", "name": "Dry Pepperoni Sticks, Honey Garlic", "price": "$14.99", "sale_price": "", "previous_price": "", "image_url": "https://assets.shop.loblaws.ca/products/20296154/b3/en/front/20296154_front_a06_@2.png", "link": "https://www.loblaws.ca/dry-pepperoni-sticks-honey-garlic/p/20296154_EA?source=nspt", "brand": "Freybe", "package_size": "500 g", "unit_price": "$29.98/1kg $3.00/100g", "stock": "In stock", "points": "", "date_scraped": "2024-07-03T13:46:16.769782", "product_id": "f5cb80bd26c815336814562a4bb9a4cd", "organic": false},
{"store": "loblaws", "category": "Deli Meat", "name": "Kolbassa Loaf", "price": "$3.19", "sale_price": "", "previous_price": "", "image_url": "https://assets.shop.loblaws.ca/products/20004383/b3/en/front/20004383_front_a06_@2.png", "link": "https://www.loblaws.ca/kolbassa-loaf/p/20004383_KG?source=nspt", "brand": "Brandt", "package_size": "", "unit_price": "$31.90/1kg", "stock": "In stock", "points": "", "date_scraped": "2024-07-03T13:46:16.770789", "product_id": "791f040be2379246de7049d4a3fd56fc", "organic": false},
{"store": "loblaws", "category": "Deli Meat", "name": "Pepperoni Spicy", "price": "$12.99", "sale_price": "", "previous_price": "", "image_url": "https://assets.shop.loblaws.ca/products/21099384/b3/en/front/21099384_front_a06_@2.png", "link": "https://www.loblaws.ca/pepperoni-spicy/p/21099384_EA?source=nspt", "brand": "Pillers", "package_size": "500 g", "unit_price": "$2.60/100g", "stock": "In stock", "points": "", "date_scraped": "2024-07-03T13:46:16.772788", "product_id": "8827b42d6876071b83fd2c8a201efd75", "organic": false},
{"store": "loblaws", "category": "Fresh Vegetables", "name": "Naturally Imperfect Mixed Sweet Peppers 2.5lb Bag", "price": "$6.99", "sale_price": "", "previous_price": "", "image_url": "https://assets.shop.loblaws.ca/products/20921434001/b3/en/front/20921434001_front_a06_@2.png", "link": "https://www.loblaws.ca/naturally-imperfect-mixed-sweet-peppers-2-5lb-bag/p/20921434001_EA?source=nspt", "brand": "No Name", "package_size": "1.113 kg", "unit_price": "$0.63/100g", "stock": "In stock", "points": "", "date_scraped": "2024-07-03T13:46:16.774787", "product_id": "ab4725e26ce99eda1fd847976e7155e7", "organic": false},
{"store": "loblaws", "category": "Fresh Vegetables", "name": "Romaine Lettuce", "price": "$3.99", "sale_price": "", "previous_price": "", "image_url": "https://assets.shop.loblaws.ca/products/20065036001/b3/en/front/20065036001_front_a06_@2.png", "link": "https://www.loblaws.ca/romaine-lettuce/p/20065036001_EA?source=nspt", "brand": "", "package_size": "1 ea", "unit_price": "$3.99/1ea", "stock": "In stock", "points": "", "date_scraped": "2024-07-03T13:46:16.776299", "product_id": "48e7cd03231d72b5eb35dce92332a8e8", "organic": false},
{"store": "loblaws", "category": "Fresh Vegetables", "name": "Radishes", "price": "$2.49", "sale_price": "", "previous_price": "", "image_url": "https://assets.shop.loblaws.ca/products/20032320001/b3/en/front/20032320001_front_a06_@2.png", "link": "https://www.loblaws.ca/radishes/p/20032320001_EA?source=nspt", "brand": "", "package_size": "1 bunch", "unit_price": "$2.49/1ea", "stock": "In stock", "points": "", "date_scraped": "2024-07-03T13:46:16.777327", "product_id": "752b4680b008bfa0d00550435f39deb2", "organic": false},
{"store": "loblaws", "category": "Fresh Vegetables", "name": "Cucumbers 11 count", "price": "$5.99", "sale_price": "", "previous_price": "", "image_url": "https://assets.shop.loblaws.ca/products/21070679001/b3/en/front/21070679001_front_a06_@2.png", "link": "https://www.loblaws.ca/cucumbers-11-count/p/21070679001_EA?source=nspt", "brand": "Farmer's Market", "package_size": "750 g", "unit_price": "$0.54/1ea", "stock": "In stock", "points": "", "date_scraped": "2024-07-03T13:46:16.779195", "product_id": "f2c55761e1761c41b5524d06b7e8b249", "organic": false},
{"store": "loblaws", "category": "Fresh Vegetables", "name": "Mini Cucumbers", "price": "$3.99", "sale_price": "", "previous_price": "", "image_url": "https://assets.shop.loblaws.ca/products/20737570001/b3/en/front/20737570001_front_a06_@2.png", "link": "https://www.loblaws.ca/mini-cucumbers/p/20737570001_EA?source=nspt", "brand": "Farmer's Market", "package_size": "6 pack", "unit_price": "$0.67/1ea", "stock": "In stock", "points": "", "date_scraped": "2024-07-03T13:46:16.780238", "product_id": "82bf50b9e240be7e6c090edbc4993dcf", "organic": false},
{"store": "loblaws", "category": "Fresh Vegetables", "name": "Mini Carrots, 2 lb", "price": "$5.99", "sale_price": "", "previous_price": "", "image_url": "https://assets.shop.loblaws.ca/products/20031454001/b3/en/front/20031454001_front_a06_@2.png", "link": "https://www.loblaws.ca/mini-carrots-2-lb/p/20031454001_EA?source=nspt", "brand": "Farmer's Market", "package_size": "907 g", "unit_price": "$0.66/100g", "stock": "In stock", "points": "", "date_scraped": "2024-07-03T13:46:16.781765", "product_id": "4d87e8244513f26b3eadf62dd0ed13a4", "organic": false},
{"store": "loblaws", "category": "Fresh Vegetables", "name": "Grape Tomato 907G    ", "price": "$7.99", "sale_price": "", "previous_price": "", "image_url": "https://assets.shop.loblaws.ca/products/20840038001/b3/en/front/20840038001_front_a06_@2.png", "link": "https://www.loblaws.ca/grape-tomato-907g/p/20840038001_EA?source=nspt", "brand": "Farmer's Market", "package_size": "908 g", "unit_price": "$0.88/100g", "stock": "In stock", "points": "", "date_scraped": "2024-07-03T13:46:16.783354", "product_id": "941107217e59bdf587da50febc9048ce", "organic": false},
{"store": "loblaws", "category": "Fresh Fruits", "name": "Nectarine", "price": "$8.99", "sale_price": "", "previous_price": "", "image_url": "https://assets.shop.loblaws.ca/products/20905336001/b3/en/front/20905336001_front_a06_@2.png", "link": "https://www.loblaws.ca/nectarine/p/20905336001_EA?source=nspt", "brand": "Farmer's Market", "package_size": "2 l", "unit_price": "$0.45/100ml", "stock": "In stock", "points": "", "date_scraped": "2024-07-03T13:46:16.784838", "product_id": "a8f7c73461e847e4a3e7caf4a3021ef8", "organic": false},
{"store": "loblaws", "category": "Fresh Fruits", "name": "Plantains, Single", "price": "about $1.08", "sale_price": "", "previous_price": "", "image_url": "https://assets.shop.loblaws.ca/products/20111926001/b3/en/front/20111926001_front_a06_@2.png", "link": "https://www.loblaws.ca/plantains-single/p/20111926001_KG?source=nspt", "brand": "", "package_size": "$3.28/1kg", "unit_price": "$1.49/1lb", "stock": "In stock", "points": "", "date_scraped": "2024-07-03T13:46:16.786382", "product_id": "67ca2f5c8caffb2c02a8d11841305fe8", "organic": false},
{"store": "loblaws", "category": "Fresh Fruits", "name": "Kiwis", "price": "$0.99", "sale_price": "", "previous_price": "", "image_url": "https://assets.shop.loblaws.ca/products/20130242001/b3/en/front/20130242001_front_a06_@2.png", "link": "https://www.loblaws.ca/kiwis/p/20130242001_EA?source=nspt", "brand": "", "package_size": "1 ea", "unit_price": "$0.99/1ea", "stock": "In stock", "points": "", "date_scraped": "2024-07-03T13:46:16.787864", "product_id": "c4ba266fe53ae4f7607181acc86593f3", "organic": false},
{"store": "loblaws", "category": "Fresh Fruits", "name": "Ataulfo Mango", "price": "$2.49", "sale_price": "", "previous_price": "", "image_url": "https://assets.shop.loblaws.ca/products/20121509001/b3/en/front/20121509001_front_a06_@2.png", "link": "https://www.loblaws.ca/ataulfo-mango/p/20121509001_EA?source=nspt", "brand": "", "package_size": "1 ea", "unit_price": "$2.49/1ea", "stock": "In stock", "points": "", "date_scraped": "2024-07-03T13:46:16.789462", "product_id": "db9d0f7d14ac568c995aa7808606a4ea", "organic": false},
{"store": "loblaws", "category": "Fresh Fruits", "name": "Ambrosia Apples", "price": "", "sale_price": "about $0.97", "previous_price": "$1.45", "image_url": "https://assets.shop.loblaws.ca/products/20092614001/b3/en/front/20092614001_front_a06_@2.png", "link": "https://www.loblaws.ca/ambrosia-apples/p/20092614001_KG?source=nspt", "brand": "President's Choice", "package_size": "$4.39/1kg", "unit_price": "$1.99/1lb", "stock": "In stock", "points": "", "date_scraped": "2024-07-03T13:46:16.790506", "product_id": "9703cae94f7ef3ecbb90cae47984ac38", "organic": false},
{"store": "loblaws", "category": "Fresh Fruits", "name": "Ambrosia Apples", "price": "", "sale_price": "$6.99", "previous_price": "$8.99", "image_url": "https://assets.shop.loblaws.ca/products/21307212001/b3/en/front/21307212001_front_a06_@2.png", "link": "https://www.loblaws.ca/ambrosia-apples/p/21307212001_EA?source=nspt", "brand": "Farmer's Market", "package_size": "1.814 kg", "unit_price": "$0.39/100g", "stock": "In stock", "points": "", "date_scraped": "2024-07-03T13:46:16.792142", "product_id": "a38f0c86507974d4875ad8302a5c7d2b", "organic": false},
{"store": "loblaws", "category": "Fresh Fruits", "name": "Blackberries 1 pint", "price": "$7.99", "sale_price": "", "previous_price": "", "image_url": "https://assets.shop.loblaws.ca/products/20138228001/b3/en/front/20138228001_front_a06_@2.png", "link": "https://www.loblaws.ca/blackberries-1-pint/p/20138228001_EA?source=nspt", "brand": "", "package_size": "340 g", "unit_price": "$2.35/100g", "stock": "In stock", "points": "", "date_scraped": "2024-07-03T13:46:16.793713", "product_id": "69d33cc4061f291b70db36496c3cc5f2", "organic": false},
{"store": "loblaws", "category": "Deli Meat", "name": "Turkey Bites Smoked Turkey Sausage Spicy", "price": "$12.99", "sale_price": "", "previous_price": "", "image_url": "https://assets.shop.loblaws.ca/products/20582987/b3/en/front/20582987_front_a06_@2.png", "link": "https://www.loblaws.ca/turkey-bites-smoked-turkey-sausage-spicy/p/20582987_EA?source=nspt", "brand": "Pillers", "package_size": "300 g", "unit_price": "$43.30/1kg $4.33/100g", "stock": "In stock", "points": "", "date_scraped": "2024-07-03T13:46:16.795332", "product_id": "072edcd8f139cc46970f1ec6fe0f0ed5", "organic": false},
{"store": "loblaws", "category": "Deli Meat", "name": "Sikorski Garlic Sausages", "price": "$3.29", "sale_price": "", "previous_price": "", "image_url": "https://assets.shop.loblaws.ca/products/20996142/b3/en/front/20996142_front_a06_@2.png", "link": "https://www.loblaws.ca/sikorski-garlic-sausages/p/20996142_KG?source=nspt", "brand": "Sikorski Sausages", "package_size": "", "unit_price": "$32.90/1kg", "stock": "In stock", "points": "", "date_scraped": "2024-07-03T13:46:16.796899", "product_id": "5a0533798368b5231d502605cc93525d", "organic": false},
{"store": "loblaws", "category": "Deli Meat", "name": "Smoke House Naturally Smoked Pepperoni Original", "price": "$6.00", "sale_price": "", "previous_price": "", "image_url": "https://assets.shop.loblaws.ca/products/21507920/b3/en/front/21507920_front_a06_@2.png", "link": "https://www.loblaws.ca/smoke-house-naturally-smoked-pepperoni-original/p/21507920_EA?source=nspt", "brand": "Gold Label", "package_size": "225 g", "unit_price": "$2.67/100g", "stock": "In stock", "points": "", "date_scraped": "2024-07-03T13:46:16.798437", "product_id": "45215324c9674125aad554da78acfb4f", "organic": false},
{"store": "loblaws", "category": "Deli Meat", "name": "Pepperellos, Original", "price": "$14.99", "sale_price": "", "previous_price": "", "image_url": "https://assets.shop.loblaws.ca/products/20923774/b3/en/front/20923774_front_a06_@2.png", "link": "https://www.loblaws.ca/pepperellos-original/p/20923774_EA?source=nspt", "brand": "President's Choice", "package_size": "500 g", "unit_price": "$29.98/1kg $3.00/100g", "stock": "In stock", "points": "", "date_scraped": "2024-07-03T13:46:16.800000", "product_id": "a72724ed61a2b8bf0faf693008a4e076", "organic": false},
{"store": "loblaws", "category": "Deli Meat", "name": "Napoli-Style Pepperette", "price": "$4.59", "sale_price": "", "previous_price": "", "image_url": "https://assets.shop.loblaws.ca/products/20145813/b3/en/front/20145813_front_a06_@2.png", "link": "https://www.loblaws.ca/napoli-style-pepperette/p/20145813_KG?source=nspt", "brand": "Schneider", "package_size": "", "unit_price": "$4.59/100g", "stock": "In stock", "points": "", "date_scraped": "2024-07-03T13:46:16.802062", "product_id": "af9fc805c5fce8e3f51a1db59a1876b3", "organic": false},
{"store": "loblaws", "category": "Deli Meat", "name": "Hungarian Sausage", "price": "$2.99", "sale_price": "", "previous_price": "", "image_url": "https://assets.shop.loblaws.ca/products/20996143/b3/en/front/20996143_front_a06_@2.png", "link": "https://www.loblaws.ca/hungarian-sausage/p/20996143_KG?source=nspt", "brand": "Sikorski Sausages", "package_size": "", "unit_price": "$29.90/1kg", "stock": "In stock", "points": "", "date_scraped": "2024-07-03T13:46:16.803485", "product_id": "0008bd288c6761587314d95c2cc47b18", "organic": false},
{"store": "loblaws", "category": "Fresh Vegetables", "name": "Greenhouse Peppers, Orange", "price": "about $2.11", "sale_price": "", "previous_price": "", "image_url": "https://assets.shop.loblaws.ca/products/20166880001/b3/en/front/20166880001_front_a06_@2.png", "link": "https://www.loblaws.ca/greenhouse-peppers-orange/p/20166880001_KG?source=nspt", "brand": "", "package_size": "$8.80/1kg", "unit_price": "$3.99/1lb", "stock": "In stock", "points": "", "date_scraped": "2024-07-03T13:46:16.804540", "product_id": "d3a680bb743803656cfcc3ff7a9d6962", "organic": false},
{"store": "loblaws", "category": "Fresh Vegetables", "name": "Green Leaf Lettuce", "price": "$2.99", "sale_price": "", "previous_price": "", "image_url": "https://assets.shop.loblaws.ca/products/20133884001/b3/en/front/20133884001_front_a06_@2.png", "link": "https://www.loblaws.ca/green-leaf-lettuce/p/20133884001_EA?source=nspt", "brand": "", "package_size": "1 ea", "unit_price": "$2.99/1ea", "stock": "In stock", "points": "", "date_scraped": "2024-07-03T13:46:16.807282", "product_id": "92f62ee004609c8974db0284b400dd4e", "organic": false},
{"store": "loblaws", "category": "Fresh Vegetables", "name": "Cabbage, Green", "price": "about $4.77", "sale_price": "", "previous_price": "", "image_url": "https://assets.shop.loblaws.ca/products/20793034001/b3/en/front/20793034001_front_a06_@2.png", "link": "https://www.loblaws.ca/cabbage-green/p/20793034001_KG?source=nspt", "brand": "", "package_size": "$2.84/1kg", "unit_price": "$1.29/1lb", "stock": "In stock", "points": "", "date_scraped": "2024-07-03T13:46:16.808839", "product_id": "bcd4b721e1388c4cd65c059b08b7a47b", "organic": false},
{"store": "loblaws", "category": "Fresh Vegetables", "name": "White Mushrooms", "price": "", "sale_price": "2 FOR $6.00", "previous_price": "", "image_url": "https://assets.shop.loblaws.ca/products/21021499/b3/en/front/21021499_front_a06_@2.png", "link": "https://www.loblaws.ca/white-mushrooms/p/21021499_EA?source=nspt", "brand": "PC Organics", "package_size": "227 g", "unit_price": "$1.54/100g", "stock": "In stock", "points": "", "date_scraped": "2024-07-03T13:46:16.810582", "product_id": "04680e0a1caa693fb7ec4f7e11956d71", "organic": false},
{"store": "loblaws", "category": "Fresh Vegetables", "name": "Jalapeno Peppers", "price": "about $0.55", "sale_price": "", "previous_price": "", "image_url": "https://assets.shop.loblaws.ca/products/20088387001/b3/en/front/20088387001_front_a06_@2.png", "link": "https://www.loblaws.ca/jalapeno-peppers/p/20088387001_KG?source=nspt", "brand": "", "package_size": "$11.00/1kg", "unit_price": "$4.99/1lb", "stock": "In stock", "points": "", "date_scraped": "2024-07-03T13:46:16.811625", "product_id": "3647cf783f3503b3efc3215702bd373f", "organic": false},
{"store": "loblaws", "category": "Fresh Vegetables", "name": "Yellow Mini Potatoes", "price": "$4.99", "sale_price": "", "previous_price": "", "image_url": "https://assets.shop.loblaws.ca/products/21247300001/b3/en/front/21247300001_front_a06_@2.png", "link": "https://www.loblaws.ca/yellow-mini-potatoes/p/21247300001_EA?source=nspt", "brand": "President's Choice", "package_size": "0.68 kg", "unit_price": "$0.73/100g", "stock": "In stock", "points": "", "date_scraped": "2024-07-03T13:46:16.813154", "product_id": "f0093d0b64fe8240c365c3a48ad286f3", "organic": false},
{"store": "loblaws", "category": "Fresh Vegetables", "name": "White Onion", "price": "about $3.26", "sale_price": "", "previous_price": "", "image_url": "https://assets.shop.loblaws.ca/products/20003839001/b3/en/front/20003839001_front_a06_@2.png", "link": "https://www.loblaws.ca/white-onion/p/20003839001_KG?source=nspt", "brand": "", "package_size": "$8.80/1kg", "unit_price": "$3.99/1lb", "stock": "In stock", "points": "", "date_scraped": "2024-07-03T13:46:16.814771", "product_id": "3d1c7b38a8563b50de92ea16fc60e425", "organic": false},
{"store": "loblaws", "category": "Fresh Fruits", "name": "Pink Lady Apples", "price": "about $1.38", "sale_price": "", "previous_price": "", "image_url": "https://assets.shop.loblaws.ca/products/20093376001/b3/en/front/20093376001_front_a06_@2.png", "link": "https://www.loblaws.ca/pink-lady-apples/p/20093376001_KG?source=nspt", "brand": "", "package_size": "$6.59/1kg", "unit_price": "$2.99/1lb", "stock": "In stock", "points": "", "date_scraped": "2024-07-03T13:46:16.816333", "product_id": "be026613a8c1432cf06a36a84088fd3a", "organic": false},
{"store": "loblaws", "category": "Fresh Fruits", "name": "Naturally Imperfect Avocados, 3 lb Bag", "price": "$10.00", "sale_price": "", "previous_price": "", "image_url": "https://assets.shop.loblaws.ca/products/21086003001/b3/en/front/21086003001_front_a06_@2.png", "link": "https://www.loblaws.ca/naturally-imperfect-avocados-3-lb-bag/p/21086003001_EA?source=nspt", "brand": "No Name", "package_size": "1.36 kg", "unit_price": "$0.74/100g", "stock": "In stock", "points": "", "date_scraped": "2024-07-03T13:46:16.819054", "product_id": "755a3e86d13e72f8b47cc8ea1368b961", "organic": false},
{"store": "loblaws", "category": "Fresh Fruits", "name": "Pomelo 4 Colour Gift Box", "price": "$18.88", "sale_price": "", "previous_price": "", "image_url": "https://assets.shop.loblaws.ca/products/21372028001/b3/en/front/21372028001_front_a06_@2.png", "link": "https://www.loblaws.ca/pomelo-4-colour-gift-box/p/21372028001_EA?source=nspt", "brand": "", "package_size": "4.5 kg", "unit_price": "$0.42/100g", "stock": "Out of Stock", "points": "", "date_scraped": "2024-07-03T13:46:16.820649", "product_id": "fe8a74d5d25be4f7cbc43414b1383303", "organic": false},
{"store": "loblaws", "category": "Fresh Fruits", "name": "Red Pummelos", "price": "$5.99", "sale_price": "", "previous_price": "", "image_url": "https://assets.shop.loblaws.ca/products/20081390001/b3/en/front/20081390001_front_a06_@2.png", "link": "https://www.loblaws.ca/red-pummelos/p/20081390001_EA?source=nspt", "brand": "Sunkist", "package_size": "1 ea", "unit_price": "$5.99/1ea", "stock": "In stock", "points": "", "date_scraped": "2024-07-03T13:46:16.822657", "product_id": "0a54a5959a40c92ab4b1a948abfa1497", "organic": false},
{"store": "loblaws", "category": "Fresh Fruits", "name": "Red Seedless Grapes", "price": "$9.99", "sale_price": "", "previous_price": "", "image_url": "https://assets.shop.loblaws.ca/products/20286043001/b3/en/front/20286043001_front_a06_@2.png", "link": "https://www.loblaws.ca/red-seedless-grapes/p/20286043001_EA?source=nspt", "brand": "PC Organics", "package_size": "907 g", "unit_price": "$1.10/100g", "stock": "In stock", "points": "", "date_scraped": "2024-07-03T13:46:16.824652", "product_id": "1704abeee133d348899e91108e1d418c", "organic": false},
{"store": "loblaws", "category": "Fresh Fruits", "name": "Papaya", "price": "about $5.71", "sale_price": "", "previous_price": "", "image_url": "https://assets.shop.loblaws.ca/products/20817066001/b3/en/front/20817066001_front_a06_@2.png", "link": "https://www.loblaws.ca/papaya/p/20817066001_KG?source=nspt", "brand": "", "package_size": "$4.39/1kg", "unit_price": "$1.99/1lb", "stock": "Out of Stock", "points": "", "date_scraped": "2024-07-03T13:46:16.825700", "product_id": "f5ceb3e42697c182e712e86ca2fab423", "organic": false},
{"store": "loblaws", "category": "Deli Meat", "name": "Dried Hunter Sausage", "price": "$3.99", "sale_price": "", "previous_price": "", "image_url": "https://assets.shop.loblaws.ca/products/20995623/b3/en/front/20995623_front_a06_@2.png", "link": "https://www.loblaws.ca/dried-hunter-sausage/p/20995623_KG?source=nspt", "brand": "Sikorski Sausages", "package_size": "", "unit_price": "$39.90/1kg", "stock": "In stock", "points": "", "date_scraped": "2024-07-03T13:46:16.827755", "product_id": "aa29fdd3a09e0c5a0d029c8c4623f6a8", "organic": false},
{"store": "loblaws", "category": "Deli Meat", "name": "Pepperoni Hot", "price": "$4.99", "sale_price": "", "previous_price": "", "image_url": "https://assets.shop.loblaws.ca/products/21068373/b3/en/front/21068373_front_a06_@2.png", "link": "https://www.loblaws.ca/pepperoni-hot/p/21068373_EA?source=nspt", "brand": "Noah Martin", "package_size": "75 g", "unit_price": "$6.65/100g", "stock": "In stock", "points": "", "date_scraped": "2024-07-03T13:46:16.828763", "product_id": "dc2425f14b0af1b91b1d8ed05e41f3a5", "organic": false},
{"store": "loblaws", "category": "Deli Meat", "name": "Country Store Pepperoni Minis Mild", "price": "$6.99", "sale_price": "", "previous_price": "", "image_url": "https://assets.shop.loblaws.ca/products/21155913/b3/en/front/21155913_front_a06_@2.png", "link": "https://www.loblaws.ca/country-store-pepperoni-minis-mild/p/21155913_EA?source=nspt", "brand": "Noah Martin", "package_size": "125 g", "unit_price": "$5.59/100g", "stock": "In stock", "points": "", "date_scraped": "2024-07-03T13:46:16.830651", "product_id": "105cab37bc8e28c6875ac6fe1ed96177", "organic": false},
{"store": "loblaws", "category": "Deli Meat", "name": "Pepperettes On-the-go Sausage Sticks, Original Flavour", "price": "$4.29", "sale_price": "", "previous_price": "", "image_url": "https://assets.shop.loblaws.ca/products/21060737/b3/en/front/21060737_front_a06_@2.png", "link": "https://www.loblaws.ca/pepperettes-on-the-go-sausage-sticks-original-flav/p/21060737_EA?source=nspt", "brand": "Schneider", "package_size": "60 g", "unit_price": "$7.15/100g", "stock": "In stock", "points": "", "date_scraped": "2024-07-03T13:46:16.832229", "product_id": "10cb223f98a67f8df613c79218c27138", "organic": false},
{"store": "loblaws", "category": "Deli Meat", "name": "Smoke House Naturally Smoked Pepperoni Honey Garlic", "price": "$6.00", "sale_price": "", "previous_price": "", "image_url": "https://assets.shop.loblaws.ca/products/21507915/b3/en/front/21507915_front_a06_@2.png", "link": "https://www.loblaws.ca/smoke-house-naturally-smoked-pepperoni-honey-garli/p/21507915_EA?source=nspt", "brand": "Gold Label", "package_size": "225 g", "unit_price": "$2.67/100g", "stock": "In stock", "points": "", "date_scraped": "2024-07-03T13:46:16.833237", "product_id": "dc06ceafb89d52815bfdddf15b92f11d", "organic": false},
{"store": "loblaws", "category": "Deli Meat", "name": "Turkey Pepperoni, Mild", "price": "$1.99", "sale_price": "", "previous_price": "", "image_url": "https://assets.shop.loblaws.ca/products/20793411/b3/en/front/20793411_front_a06_@2.png", "link": "https://www.loblaws.ca/turkey-pepperoni-mild/p/20793411_EA?source=nspt", "brand": "Noah Martin", "package_size": "50 g", "unit_price": "$3.98/100g", "stock": "In stock", "points": "", "date_scraped": "2024-07-03T13:46:16.835368", "product_id": "e73fec17d5228d09d0cb85ab74ea2f37", "organic": false},
{"store": "loblaws", "category": "Deli Meat", "name": "Country Store Turkey Pepperoni", "price": "$4.99", "sale_price": "", "previous_price": "", "image_url": "https://assets.shop.loblaws.ca/products/21068376/b3/en/front/21068376_front_a06_@2.png", "link": "https://www.loblaws.ca/country-store-turkey-pepperoni/p/21068376_EA?source=nspt", "brand": "Noah Martin", "package_size": "75 g", "unit_price": "$6.65/100g", "stock": "In stock", "points": "", "date_scraped": "2024-07-03T13:46:16.836925", "product_id": "97af92d028d19ba0ef90e8687c37cac5", "organic": false},
{"store": "loblaws", "category": "Fresh Vegetables", "name": "Mixed Peppers (6 Pack)", "price": "$8.99", "sale_price": "", "previous_price": "", "image_url": "https://assets.shop.loblaws.ca/products/21030970001/b3/en/front/21030970001_front_a06_@2.png", "link": "https://www.loblaws.ca/mixed-peppers-6-pack/p/21030970001_EA?source=nspt", "brand": "Farmer's Market", "package_size": "6x1.0 ea", "unit_price": "$1.50/1ea", "stock": "In stock", "points": "", "date_scraped": "2024-07-03T13:46:16.838452", "product_id": "505eb1a652bf72d42247dfbe6a87d293", "organic": false},
{"store": "loblaws", "category": "Fresh Vegetables", "name": "Snow Pea Sprouts", "price": "$2.99", "sale_price": "", "previous_price": "", "image_url": "https://assets.shop.loblaws.ca/products/21037049/b3/en/front/21037049_front_a06_@2.png", "link": "https://www.loblaws.ca/snow-pea-sprouts/p/21037049_EA?source=nspt", "brand": "", "package_size": "75 g", "unit_price": "$3.99/100g", "stock": "Out of Stock", "points": "", "date_scraped": "2024-07-03T13:46:16.840102", "product_id": "cc3c8e8777e7873006b06fc6da223e69", "organic": false},
{"store": "loblaws", "category": "Fresh Vegetables", "name": "French Beans", "price": "$5.49", "sale_price": "", "previous_price": "", "image_url": "https://assets.shop.loblaws.ca/products/20889720/b3/en/front/20889720_front_a06_@2.png", "link": "https://www.loblaws.ca/french-beans/p/20889720_EA?source=nspt", "brand": "", "package_size": "400 g", "unit_price": "$1.37/100g", "stock": "In stock", "points": "", "date_scraped": "2024-07-03T13:46:16.841662", "product_id": "a0a279e68042a7c2c0d9229dd102de63", "organic": false},
{"store": "loblaws", "category": "Fresh Vegetables", "name": "Organic Sweet Potatoes, 3 lb Bag", "price": "$7.99", "sale_price": "", "previous_price": "", "image_url": "https://assets.shop.loblaws.ca/products/20639082001/b3/en/front/20639082001_front_a06_@2.png", "link": "https://www.loblaws.ca/organic-sweet-potatoes-3-lb-bag/p/20639082001_EA?source=nspt", "brand": "PC Organics", "package_size": "1.36 kg", "unit_price": "$0.59/100g", "stock": "In stock", "points": "", "date_scraped": "2024-07-03T13:46:16.842665", "product_id": "6bd0a251418a862ee14785b80e0fa4ba", "organic": true},
{"store": "loblaws", "category": "Fresh Fruits", "name": "Atemoya", "price": "$4.99", "sale_price": "", "previous_price": "", "image_url": "https://assets.shop.loblaws.ca/products/20965690001/b3/en/front/20965690001_front_a06_@2.png", "link": "https://www.loblaws.ca/atemoya/p/20965690001_EA?source=nspt", "brand": "", "package_size": "1 ea", "unit_price": "$4.99/1ea", "stock": "Out of Stock", "points": "", "date_scraped": "2024-07-03T13:46:16.846327", "product_id": "3664dd54a4c4729a9681ffbfb031592b", "organic": false},
{"store": "loblaws", "category": "Fresh Fruits", "name": "Organic Raspberries 1/2 pint", "price": "$6.99", "sale_price": "", "previous_price": "", "image_url": "https://assets.shop.loblaws.ca/products/20056190001/b3/en/front/20056190001_front_a06_@2.png", "link": "https://www.loblaws.ca/organic-raspberries-1-2-pint/p/20056190001_EA?source=nspt", "brand": "", "package_size": "170 g", "unit_price": "$4.11/100g", "stock": "In stock", "points": "", "date_scraped": "2024-07-03T13:46:16.847801", "product_id": "764cfe0a611bfe620eab3416d8c71568", "organic": true},
{"store": "loblaws", "category": "Fresh Fruits", "name": "McIntosh Apples", "price": "about $1.32", "sale_price": "", "previous_price": "", "image_url": "https://assets.shop.loblaws.ca/products/20039956001/b3/en/front/20039956001_front_a06_@2.png", "link": "https://www.loblaws.ca/mcintosh-apples/p/20039956001_KG?source=nspt", "brand": "", "package_size": "$6.59/1kg", "unit_price": "$2.99/1lb", "stock": "In stock", "points": "", "date_scraped": "2024-07-03T13:46:16.849356", "product_id": "1b074944c3e815fd1175482ab3bc602a", "organic": false},
{"store": "loblaws", "category": "Fresh Fruits", "name": "Pink Guava", "price": "$7.00", "sale_price": "", "previous_price": "", "image_url": "https://assets.shop.loblaws.ca/products/21575914001/b3/en/front/21575914001_front_a06_@2.png", "link": "https://www.loblaws.ca/pink-guava/p/21575914001_EA?source=nspt", "brand": "President's Choice", "package_size": "1 ea", "unit_price": "$7.00/1ea", "stock": "Low Stock", "points": "", "date_scraped": "2024-07-03T13:46:16.850888", "product_id": "2c32174117e0c7d49d9dbf0eb0b038a7", "organic": false},
{"store": "loblaws", "category": "Fresh Fruits", "name": "Sweet & Sour Tamarind", "price": "$5.99", "sale_price": "", "previous_price": "", "image_url": "https://assets.shop.loblaws.ca/products/21566812001/b3/en/front/21566812001_front_a06_@2.png", "link": "https://www.loblaws.ca/sweet-sour-tamarind/p/21566812001_EA?source=nspt", "brand": "", "package_size": "500 g", "unit_price": "$1.20/100g", "stock": "In stock", "points": "", "date_scraped": "2024-07-03T13:46:16.853782", "product_id": "c81e6f2c07bc2cd9fe2811dd832a4372", "organic": false},
{"store": "loblaws", "category": "Fresh Fruits", "name": "Red Grapefruit, 3 lb Bag", "price": "$6.99", "sale_price": "", "previous_price": "", "image_url": "https://assets.shop.loblaws.ca/products/20118409001/b3/en/front/20118409001_front_a06_@2.png", "link": "https://www.loblaws.ca/red-grapefruit-3-lb-bag/p/20118409001_EA?source=nspt", "brand": "Farmer's Market", "package_size": "1.36 kg", "unit_price": "$0.51/100g", "stock": "In stock", "points": "", "date_scraped": "2024-07-03T13:46:16.856318", "product_id": "40780195c29de4503987297047758927", "organic": false},
{"store": "loblaws", "category": "Deli Meat", "name": "Chorizo Sausage", "price": "$3.29", "sale_price": "", "previous_price": "", "image_url": "https://assets.shop.loblaws.ca/products/20996150/b3/en/front/20996150_front_a06_@2.png", "link": "https://www.loblaws.ca/chorizo-sausage/p/20996150_KG?source=nspt", "brand": "Sikorski Sausages", "package_size": "", "unit_price": "$32.90/1kg", "stock": "In stock", "points": "", "date_scraped": "2024-07-03T13:46:16.859729", "product_id": "e26fccd1404ed2f53a08fb2fae584ebe", "organic": false},
{"store": "loblaws", "category": "Deli Meat", "name": "Lean BBQ Sausage", "price": "$2.49", "sale_price": "", "previous_price": "", "image_url": "https://assets.shop.loblaws.ca/products/20995534/b3/en/front/20995534_front_a06_@2.png", "link": "https://www.loblaws.ca/lean-bbq-sausage/p/20995534_KG?source=nspt", "brand": "Sikorski Sausages", "package_size": "", "unit_price": "$24.90/1kg", "stock": "In stock", "points": "", "date_scraped": "2024-07-03T13:46:16.862257", "product_id": "a7dacd67e0a23c1e4cd9b8645d2452c3", "organic": false},
{"store": "loblaws", "category": "Deli Meat", "name": "Pepperettes On-the-go Sausage Sticks, Hot Pepperoni", "price": "$4.29", "sale_price": "", "previous_price": "", "image_url": "https://assets.shop.loblaws.ca/products/21060769/b3/en/front/21060769_front_a06_@2.png", "link": "https://www.loblaws.ca/pepperettes-on-the-go-sausage-sticks-hot-pepperoni/p/21060769_EA?source=nspt", "brand": "Schneider", "package_size": "60 g", "unit_price": "$7.15/100g", "stock": "In stock", "points": "", "date_scraped": "2024-07-03T13:46:16.865103", "product_id": "29a9f6567bde73831d3155d595383b5e", "organic": false},
{"store": "loblaws", "category": "Deli Meat", "name": "Village Sausage", "price": "$3.29", "sale_price": "", "previous_price": "", "image_url": "https://assets.shop.loblaws.ca/products/20996141/b3/en/front/20996141_front_a06_@2.png", "link": "https://www.loblaws.ca/village-sausage/p/20996141_KG?source=nspt", "brand": "Sikorski Sausages", "package_size": "", "unit_price": "$32.90/1kg", "stock": "In stock", "points": "", "date_scraped": "2024-07-03T13:46:16.866614", "product_id": "f87ea0b0f04a667e467f72ae19fb6be8", "organic": false},
{"store": "loblaws", "category": "Deli Meat", "name": "Pepperettes\u00ae On-the-go\u00ae Sausage Sticks, Pepperoni", "price": "$4.29", "sale_price": "", "previous_price": "", "image_url": "https://assets.shop.loblaws.ca/products/21060808/b3/en/front/21060808_front_a06_@2.png", "link": "https://www.loblaws.ca/pepperettes-on-the-go-sausage-sticks-pepperoni/p/21060808_EA?source=nspt", "brand": "Schneider", "package_size": "60 g", "unit_price": "$7.15/100g", "stock": "In stock", "points": "", "date_scraped": "2024-07-03T13:46:16.871371", "product_id": "dcc827eb10a3a61d828923cff6180be6", "organic": false},
{"store": "loblaws", "category": "Deli Meat", "name": "BBQ Debrecyna", "price": "$2.49", "sale_price": "", "previous_price": "", "image_url": "https://assets.shop.loblaws.ca/products/20996146/b3/en/front/20996146_front_a06_@2.png", "link": "https://www.loblaws.ca/bbq-debrecyna/p/20996146_KG?source=nspt", "brand": "Sikorski Sausages", "package_size": "", "unit_price": "$24.90/1kg", "stock": "In stock", "points": "", "date_scraped": "2024-07-03T13:46:16.873563", "product_id": "8ab2088ac614be5a2280b4bff50b9f51", "organic": false},
{"store": "loblaws", "category": "Fresh Vegetables", "name": "Snow Pea Sprouts", "price": "$2.99", "sale_price": "", "previous_price": "", "image_url": "https://assets.shop.loblaws.ca/products/21037049/b3/en/front/21037049_front_a06_@2.png", "link": "https://www.loblaws.ca/snow-pea-sprouts/p/21037049_EA?source=nspt", "brand": "", "package_size": "75 g", "unit_price": "$3.99/100g", "stock": "Out of Stock", "points": "", "date_scraped": "2024-07-03T13:46:43.928438", "product_id": "cc3c8e8777e7873006b06fc6da223e69", "organic": false},
{"store": "loblaws", "category": "Fresh Vegetables", "name": "French Beans", "price": "$5.49", "sale_price": "", "previous_price": "", "image_url": "https://assets.shop.loblaws.ca/products/20889720/b3/en/front/20889720_front_a06_@2.png", "link": "https://www.loblaws.ca/french-beans/p/20889720_EA?source=nspt", "brand": "", "package_size": "400 g", "unit_price": "$1.37/100g", "stock": "In stock", "points": "", "date_scraped": "2024-07-03T13:46:43.949724", "product_id": "a0a279e68042a7c2c0d9229dd102de63", "organic": false},
{"store": "loblaws", "category": "Fresh Vegetables", "name": "Kabocha Squash", "price": "about $12.16", "sale_price": "", "previous_price": "", "image_url": "https://assets.shop.loblaws.ca/products/20326319001/b3/en/front/20326319001_front_a06_@2.png", "link": "https://www.loblaws.ca/kabocha-squash/p/20326319001_KG?source=nspt", "brand": "", "package_size": "$5.93/1kg", "unit_price": "$2.69/1lb", "stock": "Out of Stock", "points": "", "date_scraped": "2024-07-03T13:46:43.951289", "product_id": "2b1228b685d03654c62c9c1ae3370914", "organic": false},
{"store": "loblaws", "category": "Fresh Vegetables", "name": "Yu Choy Sum", "price": "about $3.68", "sale_price": "", "previous_price": "", "image_url": "https://assets.shop.loblaws.ca/products/20171853001/b3/en/front/20171853001_front_a06_@2.png", "link": "https://www.loblaws.ca/yu-choy-sum/p/20171853001_KG?source=nspt", "brand": "", "package_size": "$5.49/1kg", "unit_price": "$2.49/1lb", "stock": "Out of Stock", "points": "", "date_scraped": "2024-07-03T13:46:43.953133", "product_id": "bc4e755537329e4464134d80704b6e3d", "organic": false},
{"store": "loblaws", "category": "Fresh Vegetables", "name": "Organic Cucumber Mini", "price": "$5.49", "sale_price": "", "previous_price": "", "image_url": "https://assets.shop.loblaws.ca/products/20935931001/b3/en/front/20935931001_front_a06_@2.png", "link": "https://www.loblaws.ca/organic-cucumber-mini/p/20935931001_EA?source=nspt", "brand": "PC Organics", "package_size": "342 g", "unit_price": "$0.92/1ea", "stock": "In stock", "points": "", "date_scraped": "2024-07-03T13:46:43.955227", "product_id": "c49ab95f9b5b246d52a8f50fa9066f60", "organic": true},
{"store": "loblaws", "category": "Fresh Vegetables", "name": "Organic Cauliflower", "price": "$5.99", "sale_price": "", "previous_price": "", "image_url": "https://assets.shop.loblaws.ca/products/20001440001/b3/en/front/20001440001_front_a06_@2.png", "link": "https://www.loblaws.ca/organic-cauliflower/p/20001440001_EA?source=nspt", "brand": "PC Organics", "package_size": "1 ea", "unit_price": "$5.99/1ea", "stock": "In stock", "points": "", "date_scraped": "2024-07-03T13:46:43.956750", "product_id": "2cbd18b93483ebd73842dc11573ec555", "organic": true},
{"store": "loblaws", "category": "Fresh Vegetables", "name": "Blue Cluster Mushroom, Fresh", "price": "about $8.26", "sale_price": "", "previous_price": "", "image_url": "", "link": "https://www.loblaws.ca/blue-cluster-mushroom-fresh/p/20760992_KG?source=nspt", "brand": "", "package_size": "$55.09/1kg", "unit_price": "$25.00/1lb", "stock": "Out of Stock", "points": "", "date_scraped": "2024-07-03T13:46:43.959346", "product_id": "bbbf80da991ae776385e3c2624af796e", "organic": false},
{"store": "loblaws", "category": "Fresh Vegetables", "name": "Organic Sweet Potatoes, 3 lb Bag", "price": "$7.99", "sale_price": "", "previous_price": "", "image_url": "https://assets.shop.loblaws.ca/products/20639082001/b3/en/front/20639082001_front_a06_@2.png", "link": "https://www.loblaws.ca/organic-sweet-potatoes-3-lb-bag/p/20639082001_EA?source=nspt", "brand": "PC Organics", "package_size": "1.36 kg", "unit_price": "$0.59/100g", "stock": "In stock", "points": "", "date_scraped": "2024-07-03T13:46:43.960925", "product_id": "6bd0a251418a862ee14785b80e0fa4ba", "organic": true},
{"store": "loblaws", "category": "Fresh Vegetables", "name": "Organic, Red Kale", "price": "$4.99", "sale_price": "", "previous_price": "", "image_url": "https://assets.shop.loblaws.ca/products/21095251001/b3/en/front/21095251001_front_a06_@2.png", "link": "https://www.loblaws.ca/organic-red-kale/p/21095251001_EA?source=nspt", "brand": "", "package_size": "1", "unit_price": "bunch", "stock": "In stock", "points": "", "date_scraped": "2024-07-03T13:46:43.961976", "product_id": "2f10a90933161c38391ae14a3e1265ee", "organic": true},
{"store": "loblaws", "category": "Fresh Vegetables", "name": "Tomato On The Vine Red (1 Bunch)", "price": "about $6.34", "sale_price": "", "previous_price": "", "image_url": "https://assets.shop.loblaws.ca/products/20127917001/b3/en/front/20127917001_front_a06_@2.png", "link": "https://www.loblaws.ca/tomato-on-the-vine-red-1-bunch/p/20127917001_KG?source=nspt", "brand": "PC Organics", "package_size": "$8.80/1kg", "unit_price": "$3.99/1lb", "stock": "Low Stock", "points": "", "date_scraped": "2024-07-03T13:46:43.963984", "product_id": "754a3c343e0a92ccf1ed8cbaf2e4312c", "organic": false},
{"store": "loblaws", "category": "Fresh Vegetables", "name": "Roma Tomatoes", "price": "$7.99", "sale_price": "", "previous_price": "", "image_url": "https://assets.shop.loblaws.ca/products/20887498001/b3/en/front/20887498001_front_a06_@2.png", "link": "https://www.loblaws.ca/roma-tomatoes/p/20887498001_EA?source=nspt", "brand": "Farmer's Market", "package_size": "1 ea", "unit_price": "$0.59/100g", "stock": "In stock", "points": "", "date_scraped": "2024-07-03T13:46:43.965377", "product_id": "e994d7666806a6bb64889042a3867b2c", "organic": false},
{"store": "loblaws", "category": "Fresh Vegetables", "name": "Yellow Zucchini", "price": "about $1.78", "sale_price": "", "previous_price": "", "image_url": "https://assets.shop.loblaws.ca/products/20148363001/b3/en/front/20148363001_front_a06_@2.png", "link": "https://www.loblaws.ca/yellow-zucchini/p/20148363001_KG?source=nspt", "brand": "", "package_size": "$6.59/1kg", "unit_price": "$2.99/1lb", "stock": "Out of Stock", "points": "", "date_scraped": "2024-07-03T13:46:43.967458", "product_id": "be581ee792a5640447c2327c824ef320", "organic": false},
{"store": "loblaws", "category": "Fresh Vegetables", "name": "Romaine Hearts", "price": "$8.99", "sale_price": "", "previous_price": "", "image_url": "https://assets.shop.loblaws.ca/products/20041478001/b3/en/front/20041478001_front_a06_@2.png", "link": "https://www.loblaws.ca/romaine-hearts/p/20041478001_EA?source=nspt", "brand": "", "package_size": "6 pack", "unit_price": "$1.50/1ea", "stock": "Out of Stock", "points": "", "date_scraped": "2024-07-03T13:46:43.968466", "product_id": "1859f6d020f364f1f2978612ceea1cc8", "organic": false},
{"store": "loblaws", "category": "Deli Meat", "name": "Country Store Pepperoni Mild", "price": "$4.99", "sale_price": "", "previous_price": "", "image_url": "https://assets.shop.loblaws.ca/products/21087083/b3/en/front/21087083_front_a06_@2.png", "link": "https://www.loblaws.ca/country-store-pepperoni-mild/p/21087083_EA?source=nspt", "brand": "Noah Martin", "package_size": "75 g", "unit_price": "$6.65/100g", "stock": "In stock", "points": "", "date_scraped": "2024-07-03T13:46:43.975489", "product_id": "8c205b3d6b7e40f1542e3c7b8df461e9", "organic": false},
{"store": "loblaws", "category": "Deli Meat", "name": "Free From Pepperello", "price": "$13.99", "sale_price": "", "previous_price": "", "image_url": "https://assets.shop.loblaws.ca/products/20682944/b3/en/front/20682944_front_a06_@2.png", "link": "https://www.loblaws.ca/free-from-pepperello/p/20682944_EA?source=nspt", "brand": "President's Choice", "package_size": "375 g", "unit_price": "$37.31/1kg $3.73/100g", "stock": "In stock", "points": "", "date_scraped": "2024-07-03T13:46:43.977009", "product_id": "3efd75572354a521b29d30bbb16d2e52", "organic": false},
{"store": "loblaws", "category": "Deli Meat", "name": "Dry Cured Sausage Snacks Smoking Sweet Bbq", "price": "$3.99", "sale_price": "", "previous_price": "", "image_url": "https://assets.shop.loblaws.ca/products/21562734/b3/en/front/21562734_front_a06_@2.png", "link": "https://www.loblaws.ca/dry-cured-sausage-snacks-smoking-sweet-bbq/p/21562734_EA?source=nspt", "brand": "Pillers", "package_size": "75 g", "unit_price": "$5.32/100g", "stock": "Out of Stock", "points": "", "date_scraped": "2024-07-03T13:46:43.978010", "product_id": "660c15036929a24ec50fac2efa21b547", "organic": false},
{"store": "loblaws", "category": "Deli Meat", "name": "Head Cheese", "price": "$2.19", "sale_price": "", "previous_price": "", "image_url": "https://assets.shop.loblaws.ca/products/20995628/b3/en/front/20995628_front_a06_@2.png", "link": "https://www.loblaws.ca/head-cheese/p/20995628_KG?source=nspt", "brand": "Sikorski Sausages", "package_size": "", "unit_price": "$21.90/1kg", "stock": "In stock", "points": "", "date_scraped": "2024-07-03T13:46:43.979041", "product_id": "7d54c6ea979695f555a13bd2680292f0", "organic": false},
{"store": "loblaws", "category": "Fresh Vegetables", "name": "Organic Butternut Squash", "price": "about $9.36", "sale_price": "", "previous_price": "", "image_url": "https://assets.shop.loblaws.ca/products/20051060001/b3/en/front/20051060001_front_a06_@2.png", "link": "https://www.loblaws.ca/organic-butternut-squash/p/20051060001_KG?source=nspt", "brand": "", "package_size": "$6.59/1kg", "unit_price": "$2.99/1lb", "stock": "In stock", "points": "", "date_scraped": "2024-07-03T13:46:43.981086", "product_id": "61514c22c0678d434d70d31ade10596b", "organic": true},
{"store": "loblaws", "category": "Fresh Vegetables", "name": "Pearl Onion", "price": "$3.99", "sale_price": "", "previous_price": "", "image_url": "https://assets.shop.loblaws.ca/products/21083917001/b3/en/front/21083917001_front_a06_@2.png", "link": "https://www.loblaws.ca/pearl-onion/p/21083917001_EA?source=nspt", "brand": "", "package_size": "250 g", "unit_price": "$1.60/100g", "stock": "In stock", "points": "", "date_scraped": "2024-07-03T13:46:43.982764", "product_id": "cbb285bdbbdc679fa64cdc83e47f00cf", "organic": false},
{"store": "loblaws", "category": "Fresh Vegetables", "name": "Organic Garlic", "price": "$3.99", "sale_price": "", "previous_price": "", "image_url": "https://assets.shop.loblaws.ca/products/20717130001/b3/en/front/20717130001_front_a06_@2.png", "link": "https://www.loblaws.ca/organic-garlic/p/20717130001_EA?source=nspt", "brand": "PC Organics", "package_size": "115 g", "unit_price": "$3.47/100g", "stock": "In stock", "points": "", "date_scraped": "2024-07-03T13:46:43.983805", "product_id": "a2fbb021d3fd5464c943023c192c7679", "organic": true},
{"store": "loblaws", "category": "Fresh Vegetables", "name": "Organic Rainbow Carrots", "price": "$5.99", "sale_price": "", "previous_price": "", "image_url": "https://assets.shop.loblaws.ca/products/20908098001/b3/en/front/20908098001_front_a06_@2.png", "link": "https://www.loblaws.ca/organic-rainbow-carrots/p/20908098001_EA?source=nspt", "brand": "", "package_size": "1 bunch", "unit_price": "$5.99/1ea", "stock": "In stock", "points": "", "date_scraped": "2024-07-03T13:46:43.986382", "product_id": "963ef38075adf3a6e7c07c8df21de6fc", "organic": true},
{"store": "loblaws", "category": "Fresh Vegetables", "name": "Organic Beet Bunch", "price": "$5.99", "sale_price": "", "previous_price": "", "image_url": "https://assets.shop.loblaws.ca/products/21095252001/b3/en/front/21095252001_front_a06_@2.png", "link": "https://www.loblaws.ca/organic-beet-bunch/p/21095252001_EA?source=nspt", "brand": "", "package_size": "699 g", "unit_price": "$0.86/100g", "stock": "In stock", "points": "", "date_scraped": "2024-07-03T13:46:43.987940", "product_id": "4bc3f53595bd69b494cb4d8288f24bcb", "organic": true},
{"store": "loblaws", "category": "Fresh Vegetables", "name": "White Potatoes, 10 lb Bag", "price": "$8.99", "sale_price": "", "previous_price": "", "image_url": "https://assets.shop.loblaws.ca/products/20112070001/b3/en/front/20112070001_front_a06_@2.png", "link": "https://www.loblaws.ca/white-potatoes-10-lb-bag/p/20112070001_EA?source=nspt", "brand": "", "package_size": "4.536 kg", "unit_price": "$0.20/100g", "stock": "In stock", "points": "", "date_scraped": "2024-07-03T13:46:43.988947", "product_id": "d2c2872089cf2c5a51ca7ad77482cb20", "organic": false},
{"store": "loblaws", "category": "Deli Meat", "name": "Kabanos Sausage", "price": "$3.49", "sale_price": "", "previous_price": "", "image_url": "https://assets.shop.loblaws.ca/products/20996145/b3/en/front/20996145_front_a06_@2.png", "link": "https://www.loblaws.ca/kabanos-sausage/p/20996145_KG?source=nspt", "brand": "Sikorski Sausages", "package_size": "", "unit_price": "$34.90/1kg", "stock": "In stock", "points": "", "date_scraped": "2024-07-03T13:46:43.990597", "product_id": "f587a5566e30d37ea68ae451c5abac6e", "organic": false},
{"store": "loblaws", "category": "Deli Meat", "name": "Dry Cured Sausage Snacks Sensational Sour Cream & Onion", "price": "$3.99", "sale_price": "", "previous_price": "", "image_url": "https://assets.shop.loblaws.ca/products/21562735/b3/en/front/21562735_front_a06_@2.png", "link": "https://www.loblaws.ca/dry-cured-sausage-snacks-sensational-sour-cream-on/p/21562735_EA?source=nspt", "brand": "Pillers", "package_size": "75 g", "unit_price": "$5.32/100g", "stock": "Out of Stock", "points": "", "date_scraped": "2024-07-03T13:46:43.991630", "product_id": "ed9543cae77ffb6f727227b96f27dc64", "organic": false},
{"store": "loblaws", "category": "Deli Meat", "name": "Pepperoni Original Cup & Char Style", "price": "$8.49", "sale_price": "", "previous_price": "", "image_url": "https://assets.shop.loblaws.ca/products/21607082/b3/en/front/21607082_front_a06_@2.png", "link": "https://www.loblaws.ca/pepperoni-original-cup-char-style/p/21607082_EA?source=nspt", "brand": "Venetian", "package_size": "300 g", "unit_price": "$2.83/100g", "stock": "In stock", "points": "", "date_scraped": "2024-07-03T13:46:43.993130", "product_id": "6b4ac7e51039f6940eec0ac06a4f027e", "organic": false},
{"store": "loblaws", "category": "Deli Meat", "name": "Double Smoked Bacon", "price": "$3.19", "sale_price": "", "previous_price": "", "image_url": "https://assets.shop.loblaws.ca/products/20996153/b3/en/front/20996153_front_a06_@2.png", "link": "https://www.loblaws.ca/double-smoked-bacon/p/20996153_KG?source=nspt", "brand": "Sikorski Sausages", "package_size": "", "unit_price": "$31.90/1kg", "stock": "In stock", "points": "", "date_scraped": "2024-07-03T13:46:43.994153", "product_id": "143990e708c8e821edfd932f1892b1cd", "organic": false},
{"store": "loblaws", "category": "Deli Meat", "name": "Smoke House Naturally Smoked Pepperoni Hot & Spicy", "price": "$6.00", "sale_price": "", "previous_price": "", "image_url": "https://assets.shop.loblaws.ca/products/21507918/b3/en/front/21507918_front_a06_@2.png", "link": "https://www.loblaws.ca/smoke-house-naturally-smoked-pepperoni-hot-spicy/p/21507918_EA?source=nspt", "brand": "Gold Label", "package_size": "225 g", "unit_price": "$2.67/100g", "stock": "In stock", "points": "", "date_scraped": "2024-07-03T13:46:43.995704", "product_id": "3a88818cf86993c8d3312f3527efc58e", "organic": false},
{"store": "loblaws", "category": "Deli Meat", "name": "Dry Cured Sausage Snacks Dill-Icious Pickle", "price": "$3.99", "sale_price": "", "previous_price": "", "image_url": "https://assets.shop.loblaws.ca/products/21560312/b3/en/front/21560312_front_a06_@2.png", "link": "https://www.loblaws.ca/dry-cured-sausage-snacks-dill-icious-pickle/p/21560312_EA?source=nspt", "brand": "Pillers", "package_size": "75 g", "unit_price": "$5.32/100g", "stock": "Out of Stock", "points": "", "date_scraped": "2024-07-03T13:46:43.997002", "product_id": "35006365267facb784c34bb543cd1f21", "organic": false},
{"store": "loblaws", "category": "Deli Meat", "name": "Dry Hungarian Sausage", "price": "$3.99", "sale_price": "", "previous_price": "", "image_url": "https://assets.shop.loblaws.ca/products/20995629/b3/en/front/20995629_front_a06_@2.png", "link": "https://www.loblaws.ca/dry-hungarian-sausage/p/20995629_KG?source=nspt", "brand": "Sikorski Sausages", "package_size": "", "unit_price": "$39.90/1kg", "stock": "In stock", "points": "", "date_scraped": "2024-07-03T13:46:43.998024", "product_id": "bdc7bd03aea6a75a8866b8d1fdbe493e", "organic": false},
{"store": "loblaws", "category": "Deli Meat", "name": "Sikorski Pork Loin Single Smoked Sausage", "price": "$2.99", "sale_price": "", "previous_price": "", "image_url": "https://assets.shop.loblaws.ca/products/20996149/b3/en/front/20996149_front_a06_@2.png", "link": "https://www.loblaws.ca/sikorski-pork-loin-single-smoked-sausage/p/20996149_KG?source=nspt", "brand": "Sikorski Sausages", "package_size": "", "unit_price": "$29.90/1kg", "stock": "In stock", "points": "", "date_scraped": "2024-07-03T13:46:43.999056", "product_id": "576a1b5c11c9185f8aebe33726743541", "organic": false},
{"store": "loblaws", "category": "Deli Meat", "name": "Olive Pimento Loaf (Thin Sliced)", "price": "$2.89", "sale_price": "", "previous_price": "", "image_url": "https://assets.shop.loblaws.ca/products/20321309/b3/en/front/20321309_front_a06_@2.png", "link": "https://www.loblaws.ca/olive-pimento-loaf-thin-sliced/p/20321309_KG?source=nspt", "brand": "Brandt", "package_size": "", "unit_price": "$28.90/1kg", "stock": "In stock", "points": "", "date_scraped": "2024-07-03T13:46:44.000640", "product_id": "1ca9e854f91c5a289e8317e2a0d2cc9d", "organic": false},
{"store": "loblaws", "category": "Fresh Vegetables", "name": "Taiwanese Flat Cabbage", "price": "about $3.21", "sale_price": "", "previous_price": "", "image_url": "https://assets.shop.loblaws.ca/products/20020863001/b3/en/front/20020863001_front_a06_@2.png", "link": "https://www.loblaws.ca/taiwanese-flat-cabbage/p/20020863001_KG?source=nspt", "brand": "", "package_size": "$2.84/1kg", "unit_price": "$1.29/1lb", "stock": "In stock", "points": "", "date_scraped": "2024-07-03T13:46:44.002697", "product_id": "32066548cb6c4956be656689af82ab87", "organic": false},
{"store": "loblaws", "category": "Fresh Vegetables", "name": "Beta Sweet Carrots", "price": "$5.99", "sale_price": "", "previous_price": "", "image_url": "https://assets.shop.loblaws.ca/products/20536191/b3/en/front/20536191_front_a06_@2.png", "link": "https://www.loblaws.ca/beta-sweet-carrots/p/20536191_EA?source=nspt", "brand": "", "package_size": "1 bunch", "unit_price": "$5.99/1ea", "stock": "Out of Stock", "points": "", "date_scraped": "2024-07-03T13:46:44.003848", "product_id": "e5f5ea276391a23797a9e18e7fd2b3df", "organic": false},
{"store": "loblaws", "category": "Fresh Vegetables", "name": "Mixed Little Gems", "price": "$4.99", "sale_price": "", "previous_price": "", "image_url": "https://assets.shop.loblaws.ca/products/21247301001/b3/en/front/21247301001_front_a06_@2.png", "link": "https://www.loblaws.ca/mixed-little-gems/p/21247301001_EA?source=nspt", "brand": "President's Choice", "package_size": "0.68 kg", "unit_price": "$0.73/100g", "stock": "In stock", "points": "", "date_scraped": "2024-07-03T13:46:44.005917", "product_id": "99e2efecc7a67ec734b69bd4c4cf2225", "organic": false},
{"store": "loblaws", "category": "Fresh Vegetables", "name": "Potato White/Russet Small, 3lb", "price": "$1.99", "sale_price": "", "previous_price": "", "image_url": "https://assets.shop.loblaws.ca/products/21209989001/b3/en/front/21209989001_front_a06_@2.png", "link": "https://www.loblaws.ca/potato-white-russet-small-3lb/p/21209989001_EA?source=nspt", "brand": "", "package_size": "1.36 kg", "unit_price": "$0.15/100g", "stock": "Out of Stock", "points": "", "date_scraped": "2024-07-03T13:46:44.007445", "product_id": "aa8ff1649cce9751985d4d7c46ca7b8a", "organic": false},
{"store": "loblaws", "category": "Fresh Vegetables", "name": "Cocktail Tomatoes ", "price": "$4.99", "sale_price": "", "previous_price": "", "image_url": "https://assets.shop.loblaws.ca/products/20779176001/b3/en/front/20779176001_front_a06_@2.png", "link": "https://www.loblaws.ca/cocktail-tomatoes/p/20779176001_EA?source=nspt", "brand": "President's Choice", "package_size": "340 g", "unit_price": "$1.47/100g", "stock": "In stock", "points": "", "date_scraped": "2024-07-03T13:46:44.009369", "product_id": "0daa3aaa8d77db0c877d8ccc5aa96437", "organic": false},
{"store": "loblaws", "category": "Fresh Vegetables", "name": "Purple Sweet Potatoes", "price": "about $4.00", "sale_price": "", "previous_price": "", "image_url": "https://assets.shop.loblaws.ca/products/20849858001/b3/en/front/20849858001_front_a06_@2.png", "link": "https://www.loblaws.ca/purple-sweet-potatoes/p/20849858001_KG?source=nspt", "brand": "", "package_size": "$4.39/1kg", "unit_price": "$1.99/1lb", "stock": "In stock", "points": "", "date_scraped": "2024-07-03T13:46:44.010897", "product_id": "8054a76a7972c223ac6fc9f87a553e31", "organic": false},
{"store": "loblaws", "category": "Deli Meat", "name": "Country Store Pepperoni Minis Turkey", "price": "$7.99", "sale_price": "", "previous_price": "", "image_url": "https://assets.shop.loblaws.ca/products/21155939/b3/en/front/21155939_front_a06_@2.png", "link": "https://www.loblaws.ca/country-store-pepperoni-minis-turkey/p/21155939_EA?source=nspt", "brand": "Noah Martin", "package_size": "125 g", "unit_price": "$6.39/100g", "stock": "In stock", "points": "", "date_scraped": "2024-07-03T13:46:44.012311", "product_id": "79c45cbc20cdb2f4347635440dc4349d", "organic": false},
{"store": "loblaws", "category": "Fresh Vegetables", "name": "Coloured Carrots", "price": "$4.99", "sale_price": "", "previous_price": "", "image_url": "https://assets.shop.loblaws.ca/products/20997816001/b3/en/front/20997816001_front_a06_@2.png", "link": "https://www.loblaws.ca/coloured-carrots/p/20997816001_EA?source=nspt", "brand": "", "package_size": "454 g", "unit_price": "$1.10/100g", "stock": "In stock", "points": "", "date_scraped": "2024-07-03T13:46:44.014873", "product_id": "85c213475f23195d6364cdafd4062e29", "organic": false},
{"store": "loblaws", "category": "Fresh Vegetables", "name": "Lemongrass", "price": "$1.69", "sale_price": "", "previous_price": "", "image_url": "https://assets.shop.loblaws.ca/products/20562078/b3/en/front/20562078_front_a06_@2.png", "link": "https://www.loblaws.ca/lemongrass/p/20562078_EA?source=nspt", "brand": "", "package_size": "1 ea", "unit_price": "$1.69/1ea", "stock": "Out of Stock", "points": "", "date_scraped": "2024-07-03T13:46:44.016377", "product_id": "44fd6126125e1d3000b6127406d58d9e", "organic": false},
{"store": "loblaws", "category": "Fresh Vegetables", "name": "Celery Hearts", "price": "$3.99", "sale_price": "", "previous_price": "", "image_url": "https://assets.shop.loblaws.ca/products/20100770001/b3/en/front/20100770001_front_a06_@2.png", "link": "https://www.loblaws.ca/celery-hearts/p/20100770001_EA?source=nspt", "brand": "", "package_size": "2 pack", "unit_price": "$2.00/1ea", "stock": "In stock", "points": "", "date_scraped": "2024-07-03T13:46:44.017939", "product_id": "d582423c2bc9ae7e8e5ffa0ab7045370", "organic": false},
{"store": "loblaws", "category": "Fresh Vegetables", "name": "Red Beets, Bunched", "price": "$4.99", "sale_price": "", "previous_price": "", "image_url": "https://assets.shop.loblaws.ca/products/20174607001/b3/en/front/20174607001_front_a06_@2.png", "link": "https://www.loblaws.ca/red-beets-bunched/p/20174607001_EA?source=nspt", "brand": "", "package_size": "1 bunch", "unit_price": "$4.99/1ea", "stock": "In stock", "points": "", "date_scraped": "2024-07-03T13:46:44.019478", "product_id": "1fb77603049a8745660cb2ea938b43ed", "organic": false},
{"store": "loblaws", "category": "Fresh Vegetables", "name": "Radicchio Treviso", "price": "$13.21", "sale_price": "", "previous_price": "", "image_url": "https://assets.shop.loblaws.ca/products/21456117001/b3/en/front/21456117001_front_a06_@2.png", "link": "https://www.loblaws.ca/radicchio-treviso/p/21456117001_KG?source=nspt", "brand": "", "package_size": "", "unit_price": "$1.32/100g", "stock": "Low Stock", "points": "", "date_scraped": "2024-07-03T13:46:44.021027", "product_id": "9c0b6ff396283c19bcc425aeb0b721a6", "organic": false},
{"store": "loblaws", "category": "Fresh Vegetables", "name": "Baby Bok Choy Jr", "price": "about $5.15", "sale_price": "", "previous_price": "", "image_url": "https://assets.shop.loblaws.ca/products/20099639001/b3/en/front/20099639001_front_a06_@2.png", "link": "https://www.loblaws.ca/baby-bok-choy-jr/p/20099639001_KG?source=nspt", "brand": "", "package_size": "$7.69/1kg", "unit_price": "$3.49/1lb", "stock": "In stock", "points": "", "date_scraped": "2024-07-03T13:46:44.021548", "product_id": "47c625e0ba6e738d1960dbaacd95b28e", "organic": false},
{"store": "loblaws", "category": "Fresh Vegetables", "name": "Pink Oyster Mushroom", "price": "$8.99", "sale_price": "", "previous_price": "", "image_url": "https://assets.shop.loblaws.ca/products/21518589/b3/en/front/21518589_front_a06_@2.png", "link": "https://www.loblaws.ca/pink-oyster-mushroom/p/21518589_EA?source=nspt", "brand": "", "package_size": "200 g", "unit_price": "$4,495.00/100g", "stock": "Low Stock", "points": "", "date_scraped": "2024-07-03T13:46:44.023690", "product_id": "62a99776b9bec3eb424310931001d691", "organic": false},
{"store": "loblaws", "category": "Fresh Vegetables", "name": "Bluefoot Mushrooms", "price": "$1.93", "sale_price": "", "previous_price": "", "image_url": "https://assets.shop.loblaws.ca/products/20760903/b3/en/front/20760903_front_a06_@2.png", "link": "https://www.loblaws.ca/bluefoot-mushrooms/p/20760903_KG?source=nspt", "brand": "", "package_size": "$7.70/100g", "unit_price": "$77.03/1kg", "stock": "Out of Stock", "points": "", "date_scraped": "2024-07-03T13:46:44.027277", "product_id": "3471f82b0c6d047fc967023898709ba6", "organic": false},
{"store": "loblaws", "category": "Fresh Vegetables", "name": "Bi-Colour Corn", "price": "$5.99", "sale_price": "", "previous_price": "", "image_url": "https://assets.shop.loblaws.ca/products/20099629/b3/en/front/20099629_front_a06_@2.png", "link": "https://www.loblaws.ca/bi-colour-corn/p/20099629_EA?source=nspt", "brand": "", "package_size": "5 pack", "unit_price": "$5.99/1ea", "stock": "Out of Stock", "points": "", "date_scraped": "2024-07-03T13:46:44.030239", "product_id": "64e372b87450c3331e143fcd04ae95d6", "organic": false},
{"store": "loblaws", "category": "Fresh Vegetables", "name": "Chinese Broccoli (gai lan)", "price": "about $3.35", "sale_price": "", "previous_price": "", "image_url": "https://assets.shop.loblaws.ca/products/20003604001/b3/en/front/20003604001_front_a06_@2.png", "link": "https://www.loblaws.ca/chinese-broccoli-gai-lan/p/20003604001_KG?source=nspt", "brand": "", "package_size": "$5.49/1kg", "unit_price": "$2.49/1lb", "stock": "In stock", "points": "", "date_scraped": "2024-07-03T13:46:44.033202", "product_id": "3ba50381a1d4aea56716c9209a4d94d1", "organic": false},
{"store": "loblaws", "category": "Fresh Vegetables", "name": "Jamaican Sweet Potatoes", "price": "about $6.16", "sale_price": "", "previous_price": "", "image_url": "https://assets.shop.loblaws.ca/products/20130919001/b3/en/front/20130919001_front_a06_@2.png", "link": "https://www.loblaws.ca/jamaican-sweet-potatoes/p/20130919001_KG?source=nspt", "brand": "", "package_size": "$15.41/1kg", "unit_price": "$6.99/1lb", "stock": "In stock", "points": "", "date_scraped": "2024-07-03T13:46:44.035809", "product_id": "3e586264f344f3a5333b419c709e5071", "organic": false},
{"store": "loblaws", "category": "Fresh Vegetables", "name": "Organic English Cucumber", "price": "$2.99", "sale_price": "", "previous_price": "", "image_url": "https://assets.shop.loblaws.ca/products/20080489001/b3/en/front/20080489001_front_a06_@2.png", "link": "https://www.loblaws.ca/organic-english-cucumber/p/20080489001_EA?source=nspt", "brand": "", "package_size": "1 ea", "unit_price": "$2.99/1ea", "stock": "In stock", "points": "", "date_scraped": "2024-07-03T13:46:44.038802", "product_id": "06068f97011f186364f734dc36287c7b", "organic": true},
{"store": "loblaws", "category": "Fresh Vegetables", "name": "Grape Tomatoes", "price": "$4.99", "sale_price": "", "previous_price": "", "image_url": "https://assets.shop.loblaws.ca/products/20799491001/b3/en/front/20799491001_front_a06_@2.png", "link": "https://www.loblaws.ca/grape-tomatoes/p/20799491001_EA?source=nspt", "brand": "PC Organics", "package_size": "255 g", "unit_price": "$1.96/100g", "stock": "In stock", "points": "", "date_scraped": "2024-07-03T13:46:44.041967", "product_id": "7e1eed00c363e995a118104592dbe126", "organic": false},
{"store": "loblaws", "category": "Fresh Vegetables", "name": "Organics Whole Cremini Mushrooms", "price": "", "sale_price": "2 FOR $6.00", "previous_price": "", "image_url": "https://assets.shop.loblaws.ca/products/21021565/b3/en/front/21021565_front_a06_@2.png", "link": "https://www.loblaws.ca/organics-whole-cremini-mushrooms/p/21021565_EA?source=nspt", "brand": "PC Organics", "package_size": "227 g", "unit_price": "$1.54/100g", "stock": "In stock", "points": "", "date_scraped": "2024-07-03T13:46:44.044600", "product_id": "62fe494f8f5bdbd610928b69c0da25c6", "organic": true},
{"store": "loblaws", "category": "Fresh Vegetables", "name": "Cubanelle Peppers", "price": "about $1.87", "sale_price": "", "previous_price": "", "image_url": "https://assets.shop.loblaws.ca/products/20049810001/b3/en/front/20049810001_front_a06_@2.png", "link": "https://www.loblaws.ca/cubanelle-peppers/p/20049810001_KG?source=nspt", "brand": "", "package_size": "$11.00/1kg", "unit_price": "$4.99/1lb", "stock": "In stock", "points": "", "date_scraped": "2024-07-03T13:46:44.046673", "product_id": "7346b32e5539fb8226f1dc47807e8866", "organic": false},
{"store": "loblaws", "category": "Fresh Vegetables", "name": "Onion Bulb, Bunch", "price": "$3.99", "sale_price": "", "previous_price": "", "image_url": "https://assets.shop.loblaws.ca/products/20156348001/b3/en/front/20156348001_front_a06_@2.png", "link": "https://www.loblaws.ca/onion-bulb-bunch/p/20156348001_EA?source=nspt", "brand": "", "package_size": "1 bunch", "unit_price": "$3.99/1ea", "stock": "Out of Stock", "points": "", "date_scraped": "2024-07-03T13:46:44.048568", "product_id": "0f916af951e2ab24c42a66229ed16b56", "organic": false},
{"store": "loblaws", "category": "Fresh Vegetables", "name": "Romaine Lettuce Hearts", "price": "$7.99", "sale_price": "", "previous_price": "", "image_url": "https://assets.shop.loblaws.ca/products/20599776001/b3/en/front/20599776001_front_a06_@2.png", "link": "https://www.loblaws.ca/romaine-lettuce-hearts/p/20599776001_EA?source=nspt", "brand": "PC Organics", "package_size": "3 ea", "unit_price": "$2.66/1ea", "stock": "In stock", "points": "", "date_scraped": "2024-07-03T13:46:44.049615", "product_id": "5a8ee2867f3e235b103584ae0e1a4a41", "organic": false},
{"store": "loblaws", "category": "Fresh Vegetables", "name": "Finger Hot Hot Peppers", "price": "$4.99", "sale_price": "", "previous_price": "", "image_url": "https://assets.shop.loblaws.ca/products/21454748001/b3/en/front/21454748001_front_a06_@2.png", "link": "https://www.loblaws.ca/finger-hot-hot-peppers/p/21454748001_EA?source=nspt", "brand": "President's Choice", "package_size": "226 g", "unit_price": "$2.21/100g", "stock": "In stock", "points": "", "date_scraped": "2024-07-03T13:46:44.051538", "product_id": "9465bbd440b3d49f447ea6deae527992", "organic": false},
{"store": "loblaws", "category": "Fresh Vegetables", "name": "Jamaican Pumpkin", "price": "about $6.59", "sale_price": "", "previous_price": "", "image_url": "https://assets.shop.loblaws.ca/products/20615981001/b3/en/front/20615981001_front_a06_@2.png", "link": "https://www.loblaws.ca/jamaican-pumpkin/p/20615981001_KG?source=nspt", "brand": "", "package_size": "$4.39/1kg", "unit_price": "$1.99/1lb", "stock": "In stock", "points": "", "date_scraped": "2024-07-03T13:46:44.053103", "product_id": "4ea8f531ca50870488d1147cee910556", "organic": false},
{"store": "loblaws", "category": "Fresh Vegetables", "name": "Purple Eggplants", "price": "about $3.76", "sale_price": "", "previous_price": "", "image_url": "https://assets.shop.loblaws.ca/products/20155709001/b3/en/front/20155709001_front_a06_@2.png", "link": "https://www.loblaws.ca/purple-eggplants/p/20155709001_KG?source=nspt", "brand": "", "package_size": "$6.59/1kg", "unit_price": "$2.99/1lb", "stock": "In stock", "points": "", "date_scraped": "2024-07-03T13:46:44.054700", "product_id": "c979a04d8a02cbf09f43d7c964e7358a", "organic": false},
{"store": "loblaws", "category": "Fresh Vegetables", "name": "Spaghetti Squash", "price": "about $7.47", "sale_price": "", "previous_price": "", "image_url": "https://assets.shop.loblaws.ca/products/20307900001/b3/en/front/20307900001_front_a06_@2.png", "link": "https://www.loblaws.ca/spaghetti-squash/p/20307900001_KG?source=nspt", "brand": "", "package_size": "$5.93/1kg", "unit_price": "$2.69/1lb", "stock": "In stock", "points": "", "date_scraped": "2024-07-03T13:46:44.056262", "product_id": "cd4ab1874e67a14743068c401f13ee45", "organic": false},
{"store": "loblaws", "category": "Fresh Vegetables", "name": "Shiitake Mushrooms, Dried", "price": "$4.99", "sale_price": "", "previous_price": "", "image_url": "https://assets.shop.loblaws.ca/products/20120147/b3/en/front/20120147_front_a06_@2.png", "link": "https://www.loblaws.ca/shiitake-mushrooms-dried/p/20120147_EA?source=nspt", "brand": "", "package_size": "14 g", "unit_price": "$35.64/100g", "stock": "Out of Stock", "points": "", "date_scraped": "2024-07-03T13:46:44.057789", "product_id": "d1098f02fdf0028d88acba6557797e25", "organic": false},
{"store": "loblaws", "category": "Fresh Vegetables", "name": "Frisee Lettuce 2-pack", "price": "$5.99", "sale_price": "", "previous_price": "", "image_url": "https://assets.shop.loblaws.ca/products/21350918/b3/en/front/21350918_front_a06_@2.png", "link": "https://www.loblaws.ca/frisee-lettuce-2-pack/p/21350918_EA?source=nspt", "brand": "Gen V", "package_size": "200 g", "unit_price": "$3.00/100g", "stock": "Low Stock", "points": "", "date_scraped": "2024-07-03T13:46:44.059623", "product_id": "24fb65cc816b66bb7684df3588adae93", "organic": false}
][
{"store": "loblaws", "category": "Fresh Vegetables", "name": "English Cucumber", "price": "", "sale_price": "$0.99", "previous_price": "$1.99", "image_url": "https://assets.shop.loblaws.ca/products/20070132001/b3/en/front/20070132001_front_a06_@2.png", "link": "https://www.loblaws.ca/english-cucumber/p/20070132001_EA?source=nspt", "brand": "", "package_size": "1 ea", "unit_price": "$0.99/1ea", "stock": "In stock", "points": "", "date_scraped": "2024-07-03T13:47:37.790592", "product_id": "f6de110bf5ac9656297ea07007c9e9cb", "organic": false},
{"store": "loblaws", "category": "Fresh Fruits", "name": "Bananas, Bunch", "price": "about $1.75", "sale_price": "", "previous_price": "", "image_url": "https://assets.shop.loblaws.ca/products/20175355001/b3/en/front/20175355001_front_a06_@2.png", "link": "https://www.loblaws.ca/bananas-bunch/p/20175355001_KG?source=nspt", "brand": "", "package_size": "$1.52/1kg", "unit_price": "$0.69/1lb", "stock": "In stock", "points": "", "date_scraped": "2024-07-03T13:47:37.804879", "product_id": "16b62c5dfcdc5450e8325a5ee05b30db", "organic": false},
{"store": "loblaws", "category": "Deli Meat", "name": "Pepperettes Sausage Sticks, European", "price": "$11.99", "sale_price": "", "previous_price": "", "image_url": "https://assets.shop.loblaws.ca/products/21196171/b3/en/front/21196171_front_a06_@2.png", "link": "https://www.loblaws.ca/pepperettes-sausage-sticks-european/p/21196171_EA?source=nspt", "brand": "Schneider", "package_size": "300 g", "unit_price": "$4.00/100g", "stock": "In stock", "points": "", "date_scraped": "2024-07-03T13:47:37.819851", "product_id": "bb4b1ea9a384c9e41b0a1e15170433c5", "organic": false},
{"store": "loblaws", "category": "Fresh Vegetables", "name": "Green Onion", "price": "$1.99", "sale_price": "", "previous_price": "", "image_url": "https://assets.shop.loblaws.ca/products/20107500001/b3/en/front/20107500001_front_a06_@2.png", "link": "https://www.loblaws.ca/green-onion/p/20107500001_EA?source=nspt", "brand": "", "package_size": "1 bunch", "unit_price": "$1.99/1ea", "stock": "In stock", "points": "", "date_scraped": "2024-07-03T13:47:37.823560", "product_id": "9b97dca39277cf17ce6dc76d04b1b973", "organic": false},
{"store": "loblaws", "category": "Fresh Vegetables", "name": "Tomato Beefsteak  Red", "price": "about $1.18", "sale_price": "", "previous_price": "", "image_url": "https://assets.shop.loblaws.ca/products/20426141001/b3/en/front/20426141001_front_a06_@2.png", "link": "https://www.loblaws.ca/tomato-beefsteak-red/p/20426141001_KG?source=nspt", "brand": "", "package_size": "$4.39/1kg", "unit_price": "$1.99/1lb", "stock": "In stock", "points": "", "date_scraped": "2024-07-03T13:47:37.826688", "product_id": "d72a1df4b6a1171e5d4795843ae891d4", "organic": false},
{"store": "loblaws", "category": "Fresh Vegetables", "name": "Tomato On The Vine Red (1 Bunch)", "price": "", "sale_price": "about $1.55", "previous_price": "$3.90", "image_url": "https://assets.shop.loblaws.ca/products/20026703001/b3/en/front/20026703001_front_a06_@2.png", "link": "https://www.loblaws.ca/tomato-on-the-vine-red-1-bunch/p/20026703001_KG?source=nspt", "brand": "", "package_size": "$2.18/1kg", "unit_price": "$0.99/1lb", "stock": "In stock", "points": "", "date_scraped": "2024-07-03T13:47:37.830540", "product_id": "f949e750425901c07a25a602afc6d662", "organic": false},
{"store": "loblaws", "category": "Fresh Fruits", "name": "Red Seedless Watermelon", "price": "", "sale_price": "$3.99", "previous_price": "$6.99", "image_url": "https://assets.shop.loblaws.ca/products/20067326001/b3/en/front/20067326001_front_a06_@2.png", "link": "https://www.loblaws.ca/red-seedless-watermelon/p/20067326001_EA?source=nspt", "brand": "", "package_size": "1 ea", "unit_price": "$3.99/1ea", "stock": "In stock", "points": "", "date_scraped": "2024-07-03T13:47:37.833767", "product_id": "c12cf6b5db2aad8c195c9fbc7d20579f", "organic": false},
{"store": "loblaws", "category": "Fresh Fruits", "name": "Blueberries 1 pint", "price": "$3.99", "sale_price": "", "previous_price": "", "image_url": "https://assets.shop.loblaws.ca/products/20080137001/b3/en/front/20080137001_front_a06_@2.png", "link": "https://www.loblaws.ca/blueberries-1-pint/p/20080137001_EA?source=nspt", "brand": "", "package_size": "340 g", "unit_price": "$1.17/100g", "stock": "In stock", "points": "", "date_scraped": "2024-07-03T13:47:37.838014", "product_id": "0dac3a20227b92ba804895aedcb4fc82", "organic": false},
{"store": "loblaws", "category": "Fresh Fruits", "name": "Red Cherries", "price": "about $11.76", "sale_price": "", "previous_price": "", "image_url": "https://assets.shop.loblaws.ca/products/20159690001/b3/en/front/20159690001_front_a06_@2.png", "link": "https://www.loblaws.ca/red-cherries/p/20159690001_KG?source=nspt", "brand": "", "package_size": "$13.21/1kg", "unit_price": "$5.99/1lb", "stock": "In stock", "points": "", "date_scraped": "2024-07-03T13:47:37.841161", "product_id": "8b0ea9bec5d822dfb5fcf59cfefbd821", "organic": false},
{"store": "loblaws", "category": "Deli Meat", "name": "Pizzeria Style Pepperoni", "price": "$4.99", "sale_price": "", "previous_price": "", "image_url": "https://assets.shop.loblaws.ca/products/21464136/b3/en/front/21464136_front_a06_@2.png", "link": "https://www.loblaws.ca/pizzeria-style-pepperoni/p/21464136_EA?source=nspt", "brand": "President's Choice", "package_size": "150 g", "unit_price": "$3.33/100g", "stock": "In stock", "points": "", "date_scraped": "2024-07-03T13:47:37.845444", "product_id": "6f79f0592e8c08773b68b5061da7b5ad", "organic": false},
{"store": "loblaws", "category": "Deli Meat", "name": "Pepperettes Sausage Sticks, Original", "price": "$11.99", "sale_price": "", "previous_price": "", "image_url": "https://assets.shop.loblaws.ca/products/20976110/b3/en/front/20976110_front_a06_@2.png", "link": "https://www.loblaws.ca/pepperettes-sausage-sticks-original/p/20976110_EA?source=nspt", "brand": "Schneider", "package_size": "375 g", "unit_price": "$3.20/100g", "stock": "In stock", "points": "", "date_scraped": "2024-07-03T13:47:37.849646", "product_id": "f2bcedc9ede9107b8315381e29f6195f", "organic": false},
{"store": "loblaws", "category": "Deli Meat", "name": "Pepperoni Mild Sliced", "price": "$13.99", "sale_price": "", "previous_price": "", "image_url": "https://assets.shop.loblaws.ca/products/21217461/b3/en/front/21217461_front_a06_@2.png", "link": "https://www.loblaws.ca/pepperoni-mild-sliced/p/21217461_EA?source=nspt", "brand": "Roma", "package_size": "900 g", "unit_price": "$1.55/100g", "stock": "In stock", "points": "", "date_scraped": "2024-07-03T13:47:37.853060", "product_id": "17e14daf7ed1e9802561009063fc3bde", "organic": false},
{"store": "loblaws", "category": "Fresh Vegetables", "name": "Romaine Heart, 3 Pack", "price": "", "sale_price": "$3.99", "previous_price": "$5.99", "image_url": "https://assets.shop.loblaws.ca/products/20067389001/b3/en/front/20067389001_front_a06_@2.png", "link": "https://www.loblaws.ca/romaine-heart-3-pack/p/20067389001_EA?source=nspt", "brand": "", "package_size": "3 pack", "unit_price": "$1.33/1ea", "stock": "In stock", "points": "", "date_scraped": "2024-07-03T13:47:37.856169", "product_id": "c519e36b1553370b14fa1f84e89dcb05", "organic": false},
{"store": "loblaws", "category": "Fresh Vegetables", "name": "Lettuce Iceberg", "price": "$3.49", "sale_price": "", "previous_price": "", "image_url": "https://assets.shop.loblaws.ca/products/20135326001/b3/en/front/20135326001_front_a06_@2.png", "link": "https://www.loblaws.ca/lettuce-iceberg/p/20135326001_EA?source=nspt", "brand": "", "package_size": "1 ea", "unit_price": "$3.49/1ea", "stock": "In stock", "points": "", "date_scraped": "2024-07-03T13:47:37.859168", "product_id": "5685047389349c5fe3c4f9a010a94723", "organic": false},
{"store": "loblaws", "category": "Fresh Vegetables", "name": "Yellow Onions, 3 lb Bag", "price": "$4.49", "sale_price": "", "previous_price": "", "image_url": "https://assets.shop.loblaws.ca/products/20811994001/b3/en/front/20811994001_front_a06_@2.png", "link": "https://www.loblaws.ca/yellow-onions-3-lb-bag/p/20811994001_EA?source=nspt", "brand": "Farmer's Market", "package_size": "1.36 kg", "unit_price": "$0.33/100g", "stock": "In stock", "points": "", "date_scraped": "2024-07-03T13:47:37.861822", "product_id": "1bf21273cac1161e52765d9f2131c5a7", "organic": false},
{"store": "loblaws", "category": "Fresh Vegetables", "name": "Red Onion", "price": "about $2.85", "sale_price": "", "previous_price": "", "image_url": "https://assets.shop.loblaws.ca/products/20134101001/b3/en/front/20134101001_front_a06_@2.png", "link": "https://www.loblaws.ca/red-onion/p/20134101001_KG?source=nspt", "brand": "", "package_size": "$7.69/1kg", "unit_price": "$3.49/1lb", "stock": "In stock", "points": "", "date_scraped": "2024-07-03T13:47:37.865014", "product_id": "b292aa50ac87e7dc04d360a52c5e1db1", "organic": false},
{"store": "loblaws", "category": "Fresh Fruits", "name": "Lemon", "price": "$0.99", "sale_price": "", "previous_price": "", "image_url": "https://assets.shop.loblaws.ca/products/20028593001/b3/en/front/20028593001_front_a06_@2.png", "link": "https://www.loblaws.ca/lemon/p/20028593001_EA?source=nspt", "brand": "", "package_size": "1 ea", "unit_price": "$0.99/1ea", "stock": "In stock", "points": "", "date_scraped": "2024-07-03T13:47:37.868159", "product_id": "cca74346fa214922e47457511a262fd0", "organic": false},
{"store": "loblaws", "category": "Fresh Fruits", "name": "Avocados Bag, 5-Pack", "price": "$3.99", "sale_price": "", "previous_price": "", "image_url": "https://assets.shop.loblaws.ca/products/20142232001/b3/en/front/20142232001_front_a06_@2.png", "link": "https://www.loblaws.ca/avocados-bag-5-pack/p/20142232001_EA?source=nspt", "brand": "", "package_size": "1 ea", "unit_price": "$0.80/1ea", "stock": "In stock", "points": "", "date_scraped": "2024-07-03T13:47:37.870250", "product_id": "ab30a4a6acbabe4333ec0d431993c2d7", "organic": false},
{"store": "loblaws", "category": "Fresh Fruits", "name": "Extra Large Red Seedless Grapes", "price": "about $8.71", "sale_price": "", "previous_price": "", "image_url": "https://assets.shop.loblaws.ca/products/20159199001/b3/en/front/20159199001_front_a06_@2.png", "link": "https://www.loblaws.ca/extra-large-red-seedless-grapes/p/20159199001_KG?source=nspt", "brand": "", "package_size": "$8.80/1kg", "unit_price": "$3.99/1lb", "stock": "In stock", "points": "", "date_scraped": "2024-07-03T13:47:37.872856", "product_id": "50ec3503a586aaea75324d74a35c8d00", "organic": false},
{"store": "loblaws", "category": "Fresh Fruits", "name": "Limes", "price": "$0.99", "sale_price": "", "previous_price": "", "image_url": "https://assets.shop.loblaws.ca/products/20040489001/b3/en/front/20040489001_front_a06_@2.png", "link": "https://www.loblaws.ca/limes/p/20040489001_EA?source=nspt", "brand": "", "package_size": "1 ea", "unit_price": "$0.99/1ea", "stock": "In stock", "points": "", "date_scraped": "2024-07-03T13:47:37.875462", "product_id": "ff47b72c76bcd3893c72f97672374bf4", "organic": false},
{"store": "loblaws", "category": "Deli Meat", "name": "Pepperoni, Sliced", "price": "$8.49", "sale_price": "", "previous_price": "", "image_url": "https://assets.shop.loblaws.ca/products/20042333/b3/en/front/20042333_front_a06_@2.png", "link": "https://www.loblaws.ca/pepperoni-sliced/p/20042333_EA?source=nspt", "brand": "Pillers", "package_size": "250 g", "unit_price": "$33.96/1kg $3.40/100g", "stock": "In stock", "points": "", "date_scraped": "2024-07-03T13:47:37.878084", "product_id": "588cae54d993de1446a192ea4ac5972a", "organic": false},
{"store": "loblaws", "category": "Deli Meat", "name": "Pepperettes Sausage Sticks, Turkey", "price": "$11.99", "sale_price": "", "previous_price": "", "image_url": "https://assets.shop.loblaws.ca/products/20976093/b3/en/front/20976093_front_a06_@2.png", "link": "https://www.loblaws.ca/pepperettes-sausage-sticks-turkey/p/20976093_EA?source=nspt", "brand": "Schneider", "package_size": "375 g", "unit_price": "$3.20/100g", "stock": "In stock", "points": "", "date_scraped": "2024-07-03T13:47:37.879656", "product_id": "06d39ee75b41ac9bcde187387f81ab79", "organic": false},
{"store": "loblaws", "category": "Deli Meat", "name": "Pepperettes Sausage Sticks, Pepperoni", "price": "$11.99", "sale_price": "", "previous_price": "", "image_url": "https://assets.shop.loblaws.ca/products/21433636/b3/en/front/21433636_front_a06_@2.png", "link": "https://www.loblaws.ca/pepperettes-sausage-sticks-pepperoni/p/21433636_EA?source=nspt", "brand": "Schneider", "package_size": "300 g", "unit_price": "$4.00/100g", "stock": "In stock", "points": "", "date_scraped": "2024-07-03T13:47:37.881663", "product_id": "de0c04d8caec38ab31b17a650ea55f97", "organic": false},
{"store": "loblaws", "category": "Deli Meat", "name": "Turkey Bites Smoked Turkey Sausage Original", "price": "$12.99", "sale_price": "", "previous_price": "", "image_url": "https://assets.shop.loblaws.ca/products/21099386/b3/en/front/21099386_front_a06_@2.png", "link": "https://www.loblaws.ca/turkey-bites-smoked-turkey-sausage-original/p/21099386_EA?source=nspt", "brand": "Pillers", "package_size": "300 g", "unit_price": "$4.33/100g", "stock": "In stock", "points": "", "date_scraped": "2024-07-03T13:47:37.883778", "product_id": "5a9ae27989743b166abe8bffd88d8546", "organic": false},
{"store": "loblaws", "category": "Deli Meat", "name": "Pepperoni, Sliced", "price": "$6.49", "sale_price": "", "previous_price": "", "image_url": "https://assets.shop.loblaws.ca/products/20085869/b3/en/front/20085869_front_a06_@2.png", "link": "https://www.loblaws.ca/pepperoni-sliced/p/20085869_EA?source=nspt", "brand": "Ziggy's", "package_size": "175 g", "unit_price": "$37.09/1kg $3.71/100g", "stock": "In stock", "points": "", "date_scraped": "2024-07-03T13:47:37.885326", "product_id": "24f665068ea186cf98a10ffdf0a640b3", "organic": false},
{"store": "loblaws", "category": "Deli Meat", "name": "Sliced Turkey Pepperoni", "price": "$6.49", "sale_price": "", "previous_price": "", "image_url": "https://assets.shop.loblaws.ca/products/21434499/b3/en/front/21434499_front_a06_@2.png", "link": "https://www.loblaws.ca/sliced-turkey-pepperoni/p/21434499_EA?source=nspt", "brand": "Ziggy's", "package_size": "175 g", "unit_price": "$3.71/100g", "stock": "Out of Stock", "points": "", "date_scraped": "2024-07-03T13:47:37.886332", "product_id": "c9e6de4af807af25b0dd3f190599c21b", "organic": false},
{"store": "loblaws", "category": "Fresh Vegetables", "name": "Asparagus", "price": "about $5.19", "sale_price": "", "previous_price": "", "image_url": "https://assets.shop.loblaws.ca/products/20174581001/b3/en/front/20174581001_front_a06_@2.png", "link": "https://www.loblaws.ca/asparagus/p/20174581001_KG?source=nspt", "brand": "", "package_size": "$8.80/1kg", "unit_price": "$3.99/1lb", "stock": "In stock", "points": "", "date_scraped": "2024-07-03T13:47:37.888585", "product_id": "9168f3125cae720813971b57d1055394", "organic": false},
{"store": "loblaws", "category": "Fresh Vegetables", "name": "Red Peppers    ", "price": "about $2.11", "sale_price": "", "previous_price": "", "image_url": "https://assets.shop.loblaws.ca/products/20007535001/b3/en/front/20007535001_front_a06_@2.png", "link": "https://www.loblaws.ca/red-peppers/p/20007535001_KG?source=nspt", "brand": "", "package_size": "$8.80/1kg", "unit_price": "$3.99/1lb", "stock": "In stock", "points": "", "date_scraped": "2024-07-03T13:47:37.890154", "product_id": "b553ae4604883079e4c41aed28b8bb7e", "organic": false},
{"store": "loblaws", "category": "Fresh Vegetables", "name": "Celery Stalks", "price": "$3.49", "sale_price": "", "previous_price": "", "image_url": "https://assets.shop.loblaws.ca/products/20163119001/b3/en/front/20163119001_front_a06_@2.png", "link": "https://www.loblaws.ca/celery-stalks/p/20163119001_EA?source=nspt", "brand": "", "package_size": "1 ea", "unit_price": "$3.49/1ea", "stock": "In stock", "points": "", "date_scraped": "2024-07-03T13:47:37.892349", "product_id": "b23b0b94fecfde2779a928b472d6aa5c", "organic": false},
{"store": "loblaws", "category": "Fresh Vegetables", "name": "Zucchini", "price": "about $1.54", "sale_price": "", "previous_price": "", "image_url": "https://assets.shop.loblaws.ca/products/20426596001/b3/en/front/20426596001_front_a06_@2.png", "link": "https://www.loblaws.ca/zucchini/p/20426596001_KG?source=nspt", "brand": "", "package_size": "$5.49/1kg", "unit_price": "$2.49/1lb", "stock": "In stock", "points": "", "date_scraped": "2024-07-03T13:47:37.895540", "product_id": "4c73d2bad9f9b37aaa69eee7b473acbf", "organic": false},
{"store": "loblaws", "category": "Fresh Vegetables", "name": "Bi-Colour Corn, Corn on the Cob", "price": "$0.89", "sale_price": "", "previous_price": "", "image_url": "https://assets.shop.loblaws.ca/products/20131170001/b3/en/front/20131170001_front_a06_@2.png", "link": "https://www.loblaws.ca/bi-colour-corn-corn-on-the-cob/p/20131170001_EA?source=nspt", "brand": "", "package_size": "1 ea", "unit_price": "$0.89/1ea", "stock": "In stock", "points": "", "date_scraped": "2024-07-03T13:47:37.898224", "product_id": "e19e3fa3dea7bad7743c140e351c27e2", "organic": false},
{"store": "loblaws", "category": "Fresh Fruits", "name": "Strawberry Quart", "price": "$4.99", "sale_price": "", "previous_price": "", "image_url": "https://assets.shop.loblaws.ca/products/20503017001/b3/en/front/20503017001_front_a06_@2.png", "link": "https://www.loblaws.ca/strawberry-quart/p/20503017001_EA?source=nspt", "brand": "", "package_size": "517 g", "unit_price": "$0.97/100g", "stock": "In stock", "points": "", "date_scraped": "2024-07-03T13:47:37.900305", "product_id": "594bbd30814a2af10800b3be563903c3", "organic": false},
{"store": "loblaws", "category": "Fresh Fruits", "name": "Extra Large Green Seedless Grapes", "price": "about $8.98", "sale_price": "", "previous_price": "", "image_url": "https://assets.shop.loblaws.ca/products/20425775001/b3/en/front/20425775001_front_a06_@2.png", "link": "https://www.loblaws.ca/extra-large-green-seedless-grapes/p/20425775001_KG?source=nspt", "brand": "", "package_size": "$8.80/1kg", "unit_price": "$3.99/1lb", "stock": "In stock", "points": "", "date_scraped": "2024-07-03T13:47:37.902395", "product_id": "b6798758b5daaa2dd142c77bc1540058", "organic": false},
{"store": "loblaws", "category": "Fresh Fruits", "name": "Raspberries 1/2 pint", "price": "$3.99", "sale_price": "", "previous_price": "", "image_url": "https://assets.shop.loblaws.ca/products/20128938001/b3/en/front/20128938001_front_a06_@2.png", "link": "https://www.loblaws.ca/raspberries-1-2-pint/p/20128938001_EA?source=nspt", "brand": "", "package_size": "170 g", "unit_price": "$2.35/100g", "stock": "In stock", "points": "", "date_scraped": "2024-07-03T13:47:37.904997", "product_id": "387684c4b722ff25d8c3317b42e1c669", "organic": false},
{"store": "loblaws", "category": "Fresh Fruits", "name": "Organic Bananas, Bunch", "price": "about $2.88", "sale_price": "", "previous_price": "", "image_url": "https://assets.shop.loblaws.ca/products/20139509001/b3/en/front/20139509001_front_a06_@2.png", "link": "https://www.loblaws.ca/organic-bananas-bunch/p/20139509001_KG?source=nspt", "brand": "PC Organics", "package_size": "$2.62/1kg", "unit_price": "$1.19/1lb", "stock": "In stock", "points": "", "date_scraped": "2024-07-03T13:47:37.908135", "product_id": "ed25472a122192e23ace7a1ceedaaf7c", "organic": true},
{"store": "loblaws", "category": "Fresh Fruits", "name": "Cantaloupe", "price": "", "sale_price": "$3.99", "previous_price": "$5.99", "image_url": "https://assets.shop.loblaws.ca/products/20167017001/b3/en/front/20167017001_front_a06_@2.png", "link": "https://www.loblaws.ca/cantaloupe/p/20167017001_EA?source=nspt", "brand": "", "package_size": "1 ea", "unit_price": "$3.99/1ea", "stock": "In stock", "points": "", "date_scraped": "2024-07-03T13:47:37.910209", "product_id": "f22064074e3e2d0db347a6979f87e6f1", "organic": false},
{"store": "loblaws", "category": "Deli Meat", "name": "Pepperoni, Sliced Club Pack", "price": "$11.99", "sale_price": "", "previous_price": "", "image_url": "https://assets.shop.loblaws.ca/products/20040698/b3/en/front/20040698_front_a06_@2.png", "link": "https://www.loblaws.ca/pepperoni-sliced-club-pack/p/20040698_EA?source=nspt", "brand": "Ziggy's", "package_size": "500 g", "unit_price": "$23.98/1kg $2.40/100g", "stock": "In stock", "points": "", "date_scraped": "2024-07-03T13:47:37.913484", "product_id": "96b418c3464e506106867a56a898c258", "organic": false},
{"store": "loblaws", "category": "Deli Meat", "name": "Pepperoni, Pizza Cut", "price": "$6.49", "sale_price": "", "previous_price": "", "image_url": "https://assets.shop.loblaws.ca/products/20832437/b3/en/front/20832437_front_a06_@2.png", "link": "https://www.loblaws.ca/pepperoni-pizza-cut/p/20832437_EA?source=nspt", "brand": "Marcangelo", "package_size": "175 g", "unit_price": "$37.09/1kg $3.71/100g", "stock": "In stock", "points": "", "date_scraped": "2024-07-03T13:47:37.915998", "product_id": "c71485aad694f36c4f695fc5d4813309", "organic": false},
{"store": "loblaws", "category": "Deli Meat", "name": "Pepperoni Original", "price": "$12.99", "sale_price": "", "previous_price": "", "image_url": "https://assets.shop.loblaws.ca/products/21099391/b3/en/front/21099391_front_a06_@2.png", "link": "https://www.loblaws.ca/pepperoni-original/p/21099391_EA?source=nspt", "brand": "Pillers", "package_size": "500 g", "unit_price": "$2.60/100g", "stock": "In stock", "points": "", "date_scraped": "2024-07-03T13:47:37.918321", "product_id": "07b23498c9fc9f387d29c6c9e09cdc9c", "organic": false},
{"store": "loblaws", "category": "Deli Meat", "name": "Pepperettes Sausage Sticks, Honey Garlic", "price": "$11.99", "sale_price": "", "previous_price": "", "image_url": "https://assets.shop.loblaws.ca/products/21433732/b3/en/front/21433732_front_a06_@2.png", "link": "https://www.loblaws.ca/pepperettes-sausage-sticks-honey-garlic/p/21433732_EA?source=nspt", "brand": "Schneider", "package_size": "300 g", "unit_price": "$4.00/100g", "stock": "In stock", "points": "", "date_scraped": "2024-07-03T13:47:37.920431", "product_id": "ab0046b2b9602cb4b8c852c2bb9db6f7", "organic": false},
{"store": "loblaws", "category": "Deli Meat", "name": "Pepperettes\u00ae Sausage Sticks, Hot Pepperoni", "price": "$11.99", "sale_price": "", "previous_price": "", "image_url": "https://assets.shop.loblaws.ca/products/21053172/b3/en/front/21053172_front_a06_@2.png", "link": "https://www.loblaws.ca/pepperettes-sausage-sticks-hot-pepperoni/p/21053172_EA?source=nspt", "brand": "Schneider", "package_size": "375 g", "unit_price": "$3.20/100g", "stock": "In stock", "points": "", "date_scraped": "2024-07-03T13:47:37.923438", "product_id": "e31bdc9cf4a3d7977444b6dd3d0ae84e", "organic": false},
{"store": "loblaws", "category": "Fresh Vegetables", "name": "English Cucumber 3Ct    ", "price": "$3.99", "sale_price": "", "previous_price": "", "image_url": "https://assets.shop.loblaws.ca/products/20828461001/b3/en/front/20828461001_front_a06_@2.png", "link": "https://www.loblaws.ca/english-cucumber-3ct/p/20828461001_EA?source=nspt", "brand": "Farmer's Market", "package_size": "3 pack", "unit_price": "$1.33/1ea", "stock": "In stock", "points": "", "date_scraped": "2024-07-03T13:47:37.926474", "product_id": "f69a45b18545b5bc45fe472b94529542", "organic": false},
{"store": "loblaws", "category": "Fresh Vegetables", "name": "Grape Tomatoes", "price": "$3.99", "sale_price": "", "previous_price": "", "image_url": "https://assets.shop.loblaws.ca/products/21367888001/b3/en/front/21367888001_front_a06_@2.png", "link": "https://www.loblaws.ca/grape-tomatoes/p/21367888001_EA?source=nspt", "brand": "Farmer's Market", "package_size": "283 g", "unit_price": "$1.41/100g", "stock": "In stock", "points": "", "date_scraped": "2024-07-03T13:47:37.929019", "product_id": "a9dbbac26c1c76e6c98890602203e0e1", "organic": false},
{"store": "loblaws", "category": "Fresh Vegetables", "name": "Broccoli", "price": "$3.79", "sale_price": "", "previous_price": "", "image_url": "https://assets.shop.loblaws.ca/products/20145621001/b3/en/front/20145621001_front_a06_@2.png", "link": "https://www.loblaws.ca/broccoli/p/20145621001_EA?source=nspt", "brand": "", "package_size": "1 ea", "unit_price": "$3.79/1ea", "stock": "In stock", "points": "", "date_scraped": "2024-07-03T13:47:37.931536", "product_id": "b45a432f19dc5de1768bee561286e889", "organic": false},
{"store": "loblaws", "category": "Fresh Vegetables", "name": "Sweet Green Peppers", "price": "about $2.16", "sale_price": "", "previous_price": "", "image_url": "https://assets.shop.loblaws.ca/products/20425893001/b3/en/front/20425893001_front_a06_@2.png", "link": "https://www.loblaws.ca/sweet-green-peppers/p/20425893001_KG?source=nspt", "brand": "", "package_size": "$8.80/1kg", "unit_price": "$3.99/1lb", "stock": "In stock", "points": "", "date_scraped": "2024-07-03T13:47:37.935392", "product_id": "1af9117a83317d276f7dac967561bad3", "organic": false},
{"store": "loblaws", "category": "Fresh Fruits", "name": "Mandarin Oranges, 2 lb bag", "price": "$4.99", "sale_price": "", "previous_price": "", "image_url": "https://assets.shop.loblaws.ca/products/20099819001/b3/en/front/20099819001_front_a06_@2.png", "link": "https://www.loblaws.ca/mandarin-oranges-2-lb-bag/p/20099819001_EA?source=nspt", "brand": "Farmer's Market", "package_size": "907 g", "unit_price": "$0.55/100g", "stock": "In stock", "points": "", "date_scraped": "2024-07-03T13:47:37.938003", "product_id": "cbd418db8f1fd7e70aa33035e6d1c718", "organic": false},
{"store": "loblaws", "category": "Fresh Fruits", "name": "Blackberries 1/2 Pint", "price": "", "sale_price": "$2.99", "previous_price": "$3.99", "image_url": "https://assets.shop.loblaws.ca/products/20051015001/b3/en/front/20051015001_front_a06_@2.png", "link": "https://www.loblaws.ca/blackberries-1-2-pint/p/20051015001_EA?source=nspt", "brand": "", "package_size": "170 g", "unit_price": "$1.76/100g", "stock": "In stock", "points": "", "date_scraped": "2024-07-03T13:47:37.941089", "product_id": "a870335a5d0775f70cef44e887a1acac", "organic": false},
{"store": "loblaws", "category": "Fresh Fruits", "name": "Royal Gala Apples", "price": "about $1.38", "sale_price": "", "previous_price": "", "image_url": "https://assets.shop.loblaws.ca/products/20083526001/b3/en/front/20083526001_front_a06_@2.png", "link": "https://www.loblaws.ca/royal-gala-apples/p/20083526001_KG?source=nspt", "brand": "", "package_size": "$6.59/1kg", "unit_price": "$2.99/1lb", "stock": "In stock", "points": "", "date_scraped": "2024-07-03T13:47:37.943206", "product_id": "f5fa3a7cde9c5f51a97a2ef18ac62d01", "organic": false},
{"store": "loblaws", "category": "Fresh Fruits", "name": "Bartlett Pears", "price": "", "sale_price": "about $0.92", "previous_price": "$1.38", "image_url": "https://assets.shop.loblaws.ca/products/20172240001/b3/en/front/20172240001_front_a06_@2.png", "link": "https://www.loblaws.ca/bartlett-pears/p/20172240001_KG?source=nspt", "brand": "", "package_size": "$4.39/1kg", "unit_price": "$1.99/1lb", "stock": "In stock", "points": "", "date_scraped": "2024-07-03T13:47:37.945717", "product_id": "ea246df88b703cb20e7b0495653c90de", "organic": false},
{"store": "loblaws", "category": "Deli Meat", "name": "Tuscan Style Salami Sticks Dry Cured", "price": "$12.99", "sale_price": "", "previous_price": "", "image_url": "https://assets.shop.loblaws.ca/products/21170544/b3/en/front/21170544_front_a06_@2.png", "link": "https://www.loblaws.ca/tuscan-style-salami-sticks-dry-cured/p/21170544_EA?source=nspt", "brand": "Pillers", "package_size": "300 g", "unit_price": "$4.33/100g", "stock": "In stock", "points": "", "date_scraped": "2024-07-03T13:47:37.948741", "product_id": "de1dd3f82c8fa1982870c2b923993ead", "organic": false},
{"store": "loblaws", "category": "Deli Meat", "name": "Pepperettes Bites Sausage Snacks, Pepperoni", "price": "$11.99", "sale_price": "", "previous_price": "", "image_url": "https://assets.shop.loblaws.ca/products/21354904/b3/en/front/21354904_front_a06_@2.png", "link": "https://www.loblaws.ca/pepperettes-bites-sausage-snacks-pepperoni/p/21354904_EA?source=nspt", "brand": "Schneider", "package_size": "300 g", "unit_price": "$4.00/100g", "stock": "In stock", "points": "", "date_scraped": "2024-07-03T13:47:37.951275", "product_id": "86542de6be5cb56a4e18d7319e58eaa3", "organic": false},
{"store": "loblaws", "category": "Deli Meat", "name": "Dry Pepperoni Sticks", "price": "$14.99", "sale_price": "", "previous_price": "", "image_url": "https://assets.shop.loblaws.ca/products/20361952/b3/en/front/20361952_front_a06_@2.png", "link": "https://www.loblaws.ca/dry-pepperoni-sticks/p/20361952_EA?source=nspt", "brand": "Freybe", "package_size": "500 g", "unit_price": "$29.98/1kg $3.00/100g", "stock": "In stock", "points": "", "date_scraped": "2024-07-03T13:47:37.955659", "product_id": "ba6193096daa32a11f3d34ea8abc8be4", "organic": false},
{"store": "loblaws", "category": "Fresh Vegetables", "name": "Roma Tomatoes", "price": "about $0.66", "sale_price": "", "previous_price": "", "image_url": "https://assets.shop.loblaws.ca/products/20143381001/b3/en/front/20143381001_front_a06_@2.png", "link": "https://www.loblaws.ca/roma-tomatoes/p/20143381001_KG?source=nspt", "brand": "", "package_size": "$5.49/1kg", "unit_price": "$2.49/1lb", "stock": "In stock", "points": "", "date_scraped": "2024-07-03T13:47:37.958299", "product_id": "3ad76162926e86a408db7e1e59bbac0a", "organic": false},
{"store": "loblaws", "category": "Fresh Vegetables", "name": "Garlic Bulbs, 3-count", "price": "$0.99", "sale_price": "", "previous_price": "", "image_url": "https://assets.shop.loblaws.ca/products/21004355001/b3/en/front/21004355001_front_a06_@2.png", "link": "https://www.loblaws.ca/garlic-bulbs-3-count/p/21004355001_EA?source=nspt", "brand": "Rooster", "package_size": "90 g", "unit_price": "$0.33/1ea", "stock": "In stock", "points": "", "date_scraped": "2024-07-03T13:47:37.960913", "product_id": "9c69d91d06faefcb329e91598960a0e5", "organic": false},
{"store": "loblaws", "category": "Fresh Vegetables", "name": "Sweet Onion", "price": "about $3.03", "sale_price": "", "previous_price": "", "image_url": "https://assets.shop.loblaws.ca/products/20083454001/b3/en/front/20083454001_front_a06_@2.png", "link": "https://www.loblaws.ca/sweet-onion/p/20083454001_KG?source=nspt", "brand": "", "package_size": "$6.59/1kg", "unit_price": "$2.99/1lb", "stock": "In stock", "points": "", "date_scraped": "2024-07-03T13:47:37.963006", "product_id": "e33f496ba5ebe80d192bd8ffacd561a7", "organic": false},
{"store": "loblaws", "category": "Fresh Vegetables", "name": "Ginger", "price": "about $1.85", "sale_price": "", "previous_price": "", "image_url": "https://assets.shop.loblaws.ca/products/20179038001/b3/en/front/20179038001_front_a06_@2.png", "link": "https://www.loblaws.ca/ginger/p/20179038001_KG?source=nspt", "brand": "", "package_size": "$8.80/1kg", "unit_price": "$3.99/1lb", "stock": "In stock", "points": "", "date_scraped": "2024-07-03T13:47:37.964642", "product_id": "5c12feeb4745cbc0b2ac1de69e65e2bc", "organic": false},
{"store": "loblaws", "category": "Fresh Vegetables", "name": "Sweet Corn", "price": "", "sale_price": "$4.99", "previous_price": "$5.99", "image_url": "https://assets.shop.loblaws.ca/products/20348977001/b3/en/front/20348977001_front_a06_@2.png", "link": "https://www.loblaws.ca/sweet-corn/p/20348977001_EA?source=nspt", "brand": "Farmer's Market", "package_size": "4 pack", "unit_price": "$1.25/1ea", "stock": "In stock", "points": "", "date_scraped": "2024-07-03T13:47:37.966200", "product_id": "ed5435c37516fe1964aa614f0eb75a89", "organic": false},
{"store": "loblaws", "category": "Fresh Fruits", "name": "Mango", "price": "$2.99", "sale_price": "", "previous_price": "", "image_url": "https://assets.shop.loblaws.ca/products/20059635001/b3/en/front/20059635001_front_a06_@2.png", "link": "https://www.loblaws.ca/mango/p/20059635001_EA?source=nspt", "brand": "", "package_size": "1 ea", "unit_price": "$2.99/1ea", "stock": "In stock", "points": "", "date_scraped": "2024-07-03T13:47:37.968290", "product_id": "1b36a1e4829decc81f2915ef91174523", "organic": false},
{"store": "loblaws", "category": "Fresh Fruits", "name": "Peaches ", "price": "$8.99", "sale_price": "", "previous_price": "", "image_url": "https://assets.shop.loblaws.ca/products/20826568001/b3/en/front/20826568001_front_a06_@2.png", "link": "https://www.loblaws.ca/peaches/p/20826568001_EA?source=nspt", "brand": "Farmer's Market", "package_size": "3 l", "unit_price": "$0.30/100ml", "stock": "In stock", "points": "2,000 PC Optimum Points", "date_scraped": "2024-07-03T13:47:37.969867", "product_id": "7ba1710b136acc5aa9659daedc1991f4", "organic": false},
{"store": "loblaws", "category": "Fresh Fruits", "name": "Navel Orange", "price": "about $1.54", "sale_price": "", "previous_price": "", "image_url": "https://assets.shop.loblaws.ca/products/20426078001/b3/en/front/20426078001_front_a06_@2.png", "link": "https://www.loblaws.ca/navel-orange/p/20426078001_KG?source=nspt", "brand": "", "package_size": "$4.39/1kg", "unit_price": "$1.99/1lb", "stock": "In stock", "points": "", "date_scraped": "2024-07-03T13:47:37.971433", "product_id": "115d4173a65c27c9e62bcd711891c647", "organic": false},
{"store": "loblaws", "category": "Fresh Fruits", "name": "Navel Oranges, 3 lb Bag", "price": "$5.99", "sale_price": "", "previous_price": "", "image_url": "https://assets.shop.loblaws.ca/products/20162945001/b3/en/front/20162945001_front_a06_@2.png", "link": "https://www.loblaws.ca/navel-oranges-3-lb-bag/p/20162945001_EA?source=nspt", "brand": "Farmer's Market", "package_size": "1.36 kg", "unit_price": "$0.44/100g", "stock": "In stock", "points": "", "date_scraped": "2024-07-03T13:47:37.974161", "product_id": "7c617d179c04f3c6140d8c8ea3aa68aa", "organic": false},
{"store": "loblaws", "category": "Fresh Fruits", "name": "Blueberries", "price": "$6.99", "sale_price": "", "previous_price": "", "image_url": "https://assets.shop.loblaws.ca/products/20338666001/b3/en/front/20338666001_front_a06_@2.png", "link": "https://www.loblaws.ca/blueberries/p/20338666001_EA?source=nspt", "brand": "", "package_size": "510 g", "unit_price": "$1.37/100g", "stock": "In stock", "points": "", "date_scraped": "2024-07-03T13:47:37.976329", "product_id": "c44affda99c546870a3ae212b2ec4bab", "organic": false},
{"store": "loblaws", "category": "Fresh Fruits", "name": "Honeycrisp Apples", "price": "about $2.11", "sale_price": "", "previous_price": "", "image_url": "https://assets.shop.loblaws.ca/products/20132621001/b3/en/front/20132621001_front_a06_@2.png", "link": "https://www.loblaws.ca/honeycrisp-apples/p/20132621001_KG?source=nspt", "brand": "", "package_size": "$8.80/1kg", "unit_price": "$3.99/1lb", "stock": "In stock", "points": "", "date_scraped": "2024-07-03T13:47:37.978444", "product_id": "bef15ff35eda239fe00e1d2b1e23c6f3", "organic": false},
{"store": "loblaws", "category": "Deli Meat", "name": "Free From Turkey Pepperellos", "price": "$12.99", "sale_price": "", "previous_price": "", "image_url": "https://assets.shop.loblaws.ca/products/21108029/b3/en/front/21108029_front_a06_@2.png", "link": "https://www.loblaws.ca/free-from-turkey-pepperellos/p/21108029_EA?source=nspt", "brand": "President's Choice", "package_size": "300 g", "unit_price": "$4.33/100g", "stock": "In stock", "points": "", "date_scraped": "2024-07-03T13:47:37.981614", "product_id": "10103bd233814aee22c84b4d730493e2", "organic": false},
{"store": "loblaws", "category": "Deli Meat", "name": "Pepperettes Sausage Sticks, Beef", "price": "$11.99", "sale_price": "", "previous_price": "", "image_url": "https://assets.shop.loblaws.ca/products/21378982/b3/en/front/21378982_front_a06_@2.png", "link": "https://www.loblaws.ca/pepperettes-sausage-sticks-beef/p/21378982_EA?source=nspt", "brand": "Schneider", "package_size": "300 g", "unit_price": "$4.00/100g", "stock": "In stock", "points": "", "date_scraped": "2024-07-03T13:47:37.984782", "product_id": "3ac8e3f83c0b31154342ffa82578a211", "organic": false},
{"store": "loblaws", "category": "Deli Meat", "name": "Pepperettes Bites Sausage Snacks, European", "price": "$11.99", "sale_price": "", "previous_price": "", "image_url": "https://assets.shop.loblaws.ca/products/21354912/b3/en/front/21354912_front_a06_@2.png", "link": "https://www.loblaws.ca/pepperettes-bites-sausage-snacks-european/p/21354912_EA?source=nspt", "brand": "Schneider", "package_size": "250 g", "unit_price": "$4.80/100g", "stock": "In stock", "points": "", "date_scraped": "2024-07-03T13:47:37.987955", "product_id": "2941a7ca95ec4988653694625d430a5b", "organic": false},
{"store": "loblaws", "category": "Deli Meat", "name": "Snack Stick Naturals Pepperoni Turkey", "price": "", "sale_price": "$7.00", "previous_price": "$8.00", "image_url": "https://assets.shop.loblaws.ca/products/21527809/b3/en/front/21527809_front_a06_@2.png", "link": "https://www.loblaws.ca/snack-stick-naturals-pepperoni-turkey/p/21527809_EA?source=nspt", "brand": "Gold Label", "package_size": "250 g", "unit_price": "$2.80/100g", "stock": "In stock", "points": "", "date_scraped": "2024-07-03T13:47:37.989516", "product_id": "32a2eecb79ee34edc9c2451e8d7a4a2c", "organic": false},
{"store": "loblaws", "category": "Fresh Vegetables", "name": "Cauliflower", "price": "$4.99", "sale_price": "", "previous_price": "", "image_url": "https://assets.shop.loblaws.ca/products/20135377001/b3/en/front/20135377001_front_a06_@2.png", "link": "https://www.loblaws.ca/cauliflower/p/20135377001_EA?source=nspt", "brand": "", "package_size": "1 ea", "unit_price": "$4.99/1ea", "stock": "In stock", "points": "", "date_scraped": "2024-07-03T13:47:37.992157", "product_id": "ede3846bac4e80d86bbbcfab5067e0ab", "organic": false},
{"store": "loblaws", "category": "Fresh Vegetables", "name": "Carrots, 3 lb Bag", "price": "$3.99", "sale_price": "", "previous_price": "", "image_url": "https://assets.shop.loblaws.ca/products/20600927001/b3/en/front/20600927001_front_a06_@2.png", "link": "https://www.loblaws.ca/carrots-3-lb-bag/p/20600927001_EA?source=nspt", "brand": "Farmer's Market", "package_size": "1.362 kg", "unit_price": "$0.29/100g", "stock": "In stock", "points": "", "date_scraped": "2024-07-03T13:47:37.995265", "product_id": "8ce5bfc0726ec342bef3cb2261d06a5c", "organic": false},
{"store": "loblaws", "category": "Fresh Vegetables", "name": "Russet Potatoes, 10 lb Bag", "price": "$5.99", "sale_price": "", "previous_price": "", "image_url": "https://assets.shop.loblaws.ca/products/20601020001/b3/en/front/20601020001_front_a06_@2.png", "link": "https://www.loblaws.ca/russet-potatoes-10-lb-bag/p/20601020001_EA?source=nspt", "brand": "Farmer's Market", "package_size": "4.54 kg", "unit_price": "$0.13/100g", "stock": "In stock", "points": "", "date_scraped": "2024-07-03T13:47:37.997778", "product_id": "b388b217c4067d0e4db5a1e02bd94d5a", "organic": false},
{"store": "loblaws", "category": "Fresh Vegetables", "name": "Broccoli Crowns", "price": "about $2.92", "sale_price": "", "previous_price": "", "image_url": "https://assets.shop.loblaws.ca/products/20026161001/b3/en/front/20026161001_front_a06_@2.png", "link": "https://www.loblaws.ca/broccoli-crowns/p/20026161001_KG?source=nspt", "brand": "", "package_size": "$7.69/1kg", "unit_price": "$3.49/1lb", "stock": "In stock", "points": "", "date_scraped": "2024-07-03T13:47:37.999349", "product_id": "6555fbf604d5c10c5846818c57d5cd00", "organic": false},
{"store": "loblaws", "category": "Fresh Vegetables", "name": "Mini Carrots", "price": "$3.49", "sale_price": "", "previous_price": "", "image_url": "https://assets.shop.loblaws.ca/products/20117370001/b3/en/front/20117370001_front_a06_@2.png", "link": "https://www.loblaws.ca/mini-carrots/p/20117370001_EA?source=nspt", "brand": "Farmer's Market", "package_size": "340 g", "unit_price": "$1.03/100g", "stock": "In stock", "points": "", "date_scraped": "2024-07-03T13:47:38.001356", "product_id": "9ab08c7b722d207a4748c3fdcabced3a", "organic": false},
{"store": "loblaws", "category": "Fresh Fruits", "name": "Raspberry Pint ", "price": "$9.99", "sale_price": "", "previous_price": "", "image_url": "https://assets.shop.loblaws.ca/products/20034947001/b3/en/front/20034947001_front_a06_@2.png", "link": "https://www.loblaws.ca/raspberry-pint/p/20034947001_EA?source=nspt", "brand": "", "package_size": "340 g", "unit_price": "$2.94/100g", "stock": "In stock", "points": "", "date_scraped": "2024-07-03T13:47:38.005546", "product_id": "bf1a73acff1867007f53998c9424e6a1", "organic": false},
{"store": "loblaws", "category": "Fresh Fruits", "name": "Granny Smith Apples", "price": "about $1.32", "sale_price": "", "previous_price": "", "image_url": "https://assets.shop.loblaws.ca/products/20253488001/b3/en/front/20253488001_front_a06_@2.png", "link": "https://www.loblaws.ca/granny-smith-apples/p/20253488001_KG?source=nspt", "brand": "", "package_size": "$6.59/1kg", "unit_price": "$2.99/1lb", "stock": "In stock", "points": "", "date_scraped": "2024-07-03T13:47:38.008728", "product_id": "c0b6eb339cd630702388bb3c42653e0d", "organic": false},
{"store": "loblaws", "category": "Fresh Fruits", "name": "Naturally Imperfect Limes", "price": "$6.99", "sale_price": "", "previous_price": "", "image_url": "https://assets.shop.loblaws.ca/products/21124368001/b3/en/front/21124368001_front_a06_@2.png", "link": "https://www.loblaws.ca/naturally-imperfect-limes/p/21124368001_EA?source=nspt", "brand": "No Name", "package_size": "907 g", "unit_price": "$0.77/100g", "stock": "In stock", "points": "", "date_scraped": "2024-07-03T13:47:38.011245", "product_id": "756b9c57dbcdd8ab018f5f1d76935a3c", "organic": false},
{"store": "loblaws", "category": "Deli Meat", "name": "Toppings Pepperoni Cup & Char Semi-Dry Cured", "price": "$8.49", "sale_price": "", "previous_price": "", "image_url": "https://assets.shop.loblaws.ca/products/21493437/b3/en/front/21493437_front_a06_@2.png", "link": "https://www.loblaws.ca/toppings-pepperoni-cup-char-semi-dry-cured/p/21493437_EA?source=nspt", "brand": "Pillers", "package_size": "175 g", "unit_price": "$4.85/100g", "stock": "In stock", "points": "", "date_scraped": "2024-07-03T13:47:38.015751", "product_id": "501799a88dda56792ac4fa4c4dea32e7", "organic": false},
{"store": "loblaws", "category": "Deli Meat", "name": "Pepperettes Sausage Sticks, Hot European", "price": "$11.99", "sale_price": "", "previous_price": "", "image_url": "https://assets.shop.loblaws.ca/products/21552836/b3/en/front/21552836_front_a06_@2.png", "link": "https://www.loblaws.ca/pepperettes-sausage-sticks-hot-european/p/21552836_EA?source=nspt", "brand": "Schneider", "package_size": "300 g", "unit_price": "$4.00/100g", "stock": "In stock", "points": "", "date_scraped": "2024-07-03T13:47:38.018143", "product_id": "5fad7017f433d2ec13e98de84aa70b2d", "organic": false},
{"store": "loblaws", "category": "Deli Meat", "name": "Grandpa Ham", "price": "$3.79", "sale_price": "", "previous_price": "", "image_url": "https://assets.shop.loblaws.ca/products/20996152/b3/en/front/20996152_front_a06_@2.png", "link": "https://www.loblaws.ca/grandpa-ham/p/20996152_KG?source=nspt", "brand": "Sikorski Sausages", "package_size": "", "unit_price": "$37.90/1kg", "stock": "In stock", "points": "", "date_scraped": "2024-07-03T13:47:38.019711", "product_id": "fd514cabea8825c681e24186a57c3e66", "organic": false},
{"store": "loblaws", "category": "Deli Meat", "name": "Snack Stick Naturals Pepperoni Original", "price": "", "sale_price": "$7.00", "previous_price": "$8.00", "image_url": "https://assets.shop.loblaws.ca/products/21527821/b3/en/front/21527821_front_a06_@2.png", "link": "https://www.loblaws.ca/snack-stick-naturals-pepperoni-original/p/21527821_EA?source=nspt", "brand": "Gold Label", "package_size": "300 g", "unit_price": "$2.33/100g", "stock": "In stock", "points": "", "date_scraped": "2024-07-03T13:47:38.022238", "product_id": "b0f742c769389b47d2c0a3a51e58a29c", "organic": false},
{"store": "loblaws", "category": "Deli Meat", "name": "Dry Pepperoni Sticks, Honey Garlic", "price": "$14.99", "sale_price": "", "previous_price": "", "image_url": "https://assets.shop.loblaws.ca/products/20296154/b3/en/front/20296154_front_a06_@2.png", "link": "https://www.loblaws.ca/dry-pepperoni-sticks-honey-garlic/p/20296154_EA?source=nspt", "brand": "Freybe", "package_size": "500 g", "unit_price": "$29.98/1kg $3.00/100g", "stock": "In stock", "points": "", "date_scraped": "2024-07-03T13:47:38.025043", "product_id": "f5cb80bd26c815336814562a4bb9a4cd", "organic": false},
{"store": "loblaws", "category": "Fresh Vegetables", "name": "Colossal Garlic", "price": "about $1.32", "sale_price": "", "previous_price": "", "image_url": "https://assets.shop.loblaws.ca/products/20135581001/b3/en/front/20135581001_front_a06_@2.png", "link": "https://www.loblaws.ca/colossal-garlic/p/20135581001_KG?source=nspt", "brand": "", "package_size": "$13.21/1kg", "unit_price": "$5.99/1lb", "stock": "In stock", "points": "", "date_scraped": "2024-07-03T13:47:38.027170", "product_id": "78a9d04cd088038dbf14f8f0d73b42e5", "organic": false},
{"store": "loblaws", "category": "Fresh Vegetables", "name": "Sweet Potato", "price": "about $2.77", "sale_price": "", "previous_price": "", "image_url": "https://assets.shop.loblaws.ca/products/20127708001/b3/en/front/20127708001_front_a06_@2.png", "link": "https://www.loblaws.ca/sweet-potato/p/20127708001_KG?source=nspt", "brand": "", "package_size": "$4.39/1kg", "unit_price": "$1.99/1lb", "stock": "In stock", "points": "", "date_scraped": "2024-07-03T13:47:38.028707", "product_id": "f4a911c5a9fada99dc90d3190027947e", "organic": false},
{"store": "loblaws", "category": "Fresh Vegetables", "name": "Greenhouse Peppers", "price": "$4.99", "sale_price": "", "previous_price": "", "image_url": "https://assets.shop.loblaws.ca/products/20085851001/b3/en/front/20085851001_front_a06_@2.png", "link": "https://www.loblaws.ca/greenhouse-peppers/p/20085851001_EA?source=nspt", "brand": "Farmer's Market", "package_size": "1 ea", "unit_price": "$1.66/1ea", "stock": "In stock", "points": "", "date_scraped": "2024-07-03T13:47:38.029707", "product_id": "88435349af58841f7441a8401bdee3b8", "organic": false},
{"store": "loblaws", "category": "Fresh Vegetables", "name": "Naturally Imperfect Mixed Sweet Peppers 2.5lb Bag", "price": "$6.99", "sale_price": "", "previous_price": "", "image_url": "https://assets.shop.loblaws.ca/products/20921434001/b3/en/front/20921434001_front_a06_@2.png", "link": "https://www.loblaws.ca/naturally-imperfect-mixed-sweet-peppers-2-5lb-bag/p/20921434001_EA?source=nspt", "brand": "No Name", "package_size": "1.113 kg", "unit_price": "$0.63/100g", "stock": "In stock", "points": "", "date_scraped": "2024-07-03T13:47:38.031766", "product_id": "ab4725e26ce99eda1fd847976e7155e7", "organic": false},
{"store": "loblaws", "category": "Fresh Vegetables", "name": "Romaine Lettuce", "price": "$3.99", "sale_price": "", "previous_price": "", "image_url": "https://assets.shop.loblaws.ca/products/20065036001/b3/en/front/20065036001_front_a06_@2.png", "link": "https://www.loblaws.ca/romaine-lettuce/p/20065036001_EA?source=nspt", "brand": "", "package_size": "1 ea", "unit_price": "$3.99/1ea", "stock": "In stock", "points": "", "date_scraped": "2024-07-03T13:47:38.034007", "product_id": "48e7cd03231d72b5eb35dce92332a8e8", "organic": false},
{"store": "loblaws", "category": "Fresh Vegetables", "name": "Radishes", "price": "$2.49", "sale_price": "", "previous_price": "", "image_url": "https://assets.shop.loblaws.ca/products/20032320001/b3/en/front/20032320001_front_a06_@2.png", "link": "https://www.loblaws.ca/radishes/p/20032320001_EA?source=nspt", "brand": "", "package_size": "1 bunch", "unit_price": "$2.49/1ea", "stock": "In stock", "points": "", "date_scraped": "2024-07-03T13:47:38.035521", "product_id": "752b4680b008bfa0d00550435f39deb2", "organic": false},
{"store": "loblaws", "category": "Fresh Fruits", "name": "Ontario Greenhouse-Grown Strawberries ", "price": "", "sale_price": "$4.99", "previous_price": "$6.99", "image_url": "https://assets.shop.loblaws.ca/products/21027142001/b3/en/front/21027142001_front_a06_@2.png", "link": "https://www.loblaws.ca/ontario-greenhouse-grown-strawberries/p/21027142001_EA?source=nspt", "brand": "President's Choice", "package_size": "340 g", "unit_price": "$1.47/100g", "stock": "In stock", "points": "", "date_scraped": "2024-07-03T13:47:38.037564", "product_id": "a7d1e045d141083f8037cf57ddda590c", "organic": false},
{"store": "loblaws", "category": "Fresh Fruits", "name": "Avocado", "price": "$2.99", "sale_price": "", "previous_price": "", "image_url": "https://assets.shop.loblaws.ca/products/20055266001/b3/en/front/20055266001_front_a06_@2.png", "link": "https://www.loblaws.ca/avocado/p/20055266001_EA?source=nspt", "brand": "", "package_size": "1 ea", "unit_price": "$2.99/1ea", "stock": "In stock", "points": "", "date_scraped": "2024-07-03T13:47:38.039159", "product_id": "68f96514285657e8a9f75664e017ea70", "organic": false},
{"store": "loblaws", "category": "Fresh Fruits", "name": "Lemons, 2 lb Bag", "price": "$5.99", "sale_price": "", "previous_price": "", "image_url": "https://assets.shop.loblaws.ca/products/20795315001/b3/en/front/20795315001_front_a06_@2.png", "link": "https://www.loblaws.ca/lemons-2-lb-bag/p/20795315001_EA?source=nspt", "brand": "Farmer's Market", "package_size": "907 g", "unit_price": "$0.66/100g", "stock": "In stock", "points": "", "date_scraped": "2024-07-03T13:47:38.040720", "product_id": "8ac7c06da579eca436c6bb551c169d30", "organic": false},
{"store": "loblaws", "category": "Fresh Fruits", "name": "Nectarine", "price": "$8.99", "sale_price": "", "previous_price": "", "image_url": "https://assets.shop.loblaws.ca/products/20905336001/b3/en/front/20905336001_front_a06_@2.png", "link": "https://www.loblaws.ca/nectarine/p/20905336001_EA?source=nspt", "brand": "Farmer's Market", "package_size": "2 l", "unit_price": "$0.45/100ml", "stock": "In stock", "points": "", "date_scraped": "2024-07-03T13:47:38.042828", "product_id": "a8f7c73461e847e4a3e7caf4a3021ef8", "organic": false},
{"store": "loblaws", "category": "Fresh Fruits", "name": "Plantains, Single", "price": "about $1.08", "sale_price": "", "previous_price": "", "image_url": "https://assets.shop.loblaws.ca/products/20111926001/b3/en/front/20111926001_front_a06_@2.png", "link": "https://www.loblaws.ca/plantains-single/p/20111926001_KG?source=nspt", "brand": "", "package_size": "$3.28/1kg", "unit_price": "$1.49/1lb", "stock": "In stock", "points": "", "date_scraped": "2024-07-03T13:47:38.044949", "product_id": "67ca2f5c8caffb2c02a8d11841305fe8", "organic": false},
{"store": "loblaws", "category": "Fresh Fruits", "name": "Kiwis", "price": "$0.99", "sale_price": "", "previous_price": "", "image_url": "https://assets.shop.loblaws.ca/products/20130242001/b3/en/front/20130242001_front_a06_@2.png", "link": "https://www.loblaws.ca/kiwis/p/20130242001_EA?source=nspt", "brand": "", "package_size": "1 ea", "unit_price": "$0.99/1ea", "stock": "In stock", "points": "", "date_scraped": "2024-07-03T13:47:38.046517", "product_id": "c4ba266fe53ae4f7607181acc86593f3", "organic": false},
{"store": "loblaws", "category": "Deli Meat", "name": "Kolbassa Loaf", "price": "$3.19", "sale_price": "", "previous_price": "", "image_url": "https://assets.shop.loblaws.ca/products/20004383/b3/en/front/20004383_front_a06_@2.png", "link": "https://www.loblaws.ca/kolbassa-loaf/p/20004383_KG?source=nspt", "brand": "Brandt", "package_size": "", "unit_price": "$31.90/1kg", "stock": "In stock", "points": "", "date_scraped": "2024-07-03T13:47:38.048596", "product_id": "791f040be2379246de7049d4a3fd56fc", "organic": false},
{"store": "loblaws", "category": "Deli Meat", "name": "Pepperoni Spicy", "price": "$12.99", "sale_price": "", "previous_price": "", "image_url": "https://assets.shop.loblaws.ca/products/21099384/b3/en/front/21099384_front_a06_@2.png", "link": "https://www.loblaws.ca/pepperoni-spicy/p/21099384_EA?source=nspt", "brand": "Pillers", "package_size": "500 g", "unit_price": "$2.60/100g", "stock": "In stock", "points": "", "date_scraped": "2024-07-03T13:47:38.050190", "product_id": "8827b42d6876071b83fd2c8a201efd75", "organic": false},
{"store": "loblaws", "category": "Deli Meat", "name": "Turkey Bites Smoked Turkey Sausage Spicy", "price": "$12.99", "sale_price": "", "previous_price": "", "image_url": "https://assets.shop.loblaws.ca/products/20582987/b3/en/front/20582987_front_a06_@2.png", "link": "https://www.loblaws.ca/turkey-bites-smoked-turkey-sausage-spicy/p/20582987_EA?source=nspt", "brand": "Pillers", "package_size": "300 g", "unit_price": "$43.30/1kg $4.33/100g", "stock": "In stock", "points": "", "date_scraped": "2024-07-03T13:47:38.051761", "product_id": "072edcd8f139cc46970f1ec6fe0f0ed5", "organic": false},
{"store": "loblaws", "category": "Deli Meat", "name": "Sikorski Garlic Sausages", "price": "$3.29", "sale_price": "", "previous_price": "", "image_url": "https://assets.shop.loblaws.ca/products/20996142/b3/en/front/20996142_front_a06_@2.png", "link": "https://www.loblaws.ca/sikorski-garlic-sausages/p/20996142_KG?source=nspt", "brand": "Sikorski Sausages", "package_size": "", "unit_price": "$32.90/1kg", "stock": "In stock", "points": "", "date_scraped": "2024-07-03T13:47:38.054399", "product_id": "5a0533798368b5231d502605cc93525d", "organic": false},
{"store": "loblaws", "category": "Deli Meat", "name": "Smoke House Naturally Smoked Pepperoni Original", "price": "$6.00", "sale_price": "", "previous_price": "", "image_url": "https://assets.shop.loblaws.ca/products/21507920/b3/en/front/21507920_front_a06_@2.png", "link": "https://www.loblaws.ca/smoke-house-naturally-smoked-pepperoni-original/p/21507920_EA?source=nspt", "brand": "Gold Label", "package_size": "225 g", "unit_price": "$2.67/100g", "stock": "In stock", "points": "", "date_scraped": "2024-07-03T13:47:38.055914", "product_id": "45215324c9674125aad554da78acfb4f", "organic": false},
{"store": "loblaws", "category": "Deli Meat", "name": "Pepperellos, Original", "price": "$14.99", "sale_price": "", "previous_price": "", "image_url": "https://assets.shop.loblaws.ca/products/20923774/b3/en/front/20923774_front_a06_@2.png", "link": "https://www.loblaws.ca/pepperellos-original/p/20923774_EA?source=nspt", "brand": "President's Choice", "package_size": "500 g", "unit_price": "$29.98/1kg $3.00/100g", "stock": "In stock", "points": "", "date_scraped": "2024-07-03T13:47:38.058535", "product_id": "a72724ed61a2b8bf0faf693008a4e076", "organic": false},
{"store": "loblaws", "category": "Fresh Vegetables", "name": "Cucumbers 11 count", "price": "$5.99", "sale_price": "", "previous_price": "", "image_url": "https://assets.shop.loblaws.ca/products/21070679001/b3/en/front/21070679001_front_a06_@2.png", "link": "https://www.loblaws.ca/cucumbers-11-count/p/21070679001_EA?source=nspt", "brand": "Farmer's Market", "package_size": "750 g", "unit_price": "$0.54/1ea", "stock": "In stock", "points": "", "date_scraped": "2024-07-03T13:47:38.060625", "product_id": "f2c55761e1761c41b5524d06b7e8b249", "organic": false},
{"store": "loblaws", "category": "Fresh Vegetables", "name": "Mini Cucumbers", "price": "$3.99", "sale_price": "", "previous_price": "", "image_url": "https://assets.shop.loblaws.ca/products/20737570001/b3/en/front/20737570001_front_a06_@2.png", "link": "https://www.loblaws.ca/mini-cucumbers/p/20737570001_EA?source=nspt", "brand": "Farmer's Market", "package_size": "6 pack", "unit_price": "$0.67/1ea", "stock": "In stock", "points": "", "date_scraped": "2024-07-03T13:47:38.062187", "product_id": "82bf50b9e240be7e6c090edbc4993dcf", "organic": false},
{"store": "loblaws", "category": "Fresh Vegetables", "name": "Mini Carrots, 2 lb", "price": "$5.99", "sale_price": "", "previous_price": "", "image_url": "https://assets.shop.loblaws.ca/products/20031454001/b3/en/front/20031454001_front_a06_@2.png", "link": "https://www.loblaws.ca/mini-carrots-2-lb/p/20031454001_EA?source=nspt", "brand": "Farmer's Market", "package_size": "907 g", "unit_price": "$0.66/100g", "stock": "In stock", "points": "", "date_scraped": "2024-07-03T13:47:38.064325", "product_id": "4d87e8244513f26b3eadf62dd0ed13a4", "organic": false},
{"store": "loblaws", "category": "Fresh Vegetables", "name": "Grape Tomato 907G    ", "price": "$7.99", "sale_price": "", "previous_price": "", "image_url": "https://assets.shop.loblaws.ca/products/20840038001/b3/en/front/20840038001_front_a06_@2.png", "link": "https://www.loblaws.ca/grape-tomato-907g/p/20840038001_EA?source=nspt", "brand": "Farmer's Market", "package_size": "908 g", "unit_price": "$0.88/100g", "stock": "In stock", "points": "", "date_scraped": "2024-07-03T13:47:38.066413", "product_id": "941107217e59bdf587da50febc9048ce", "organic": false},
{"store": "loblaws", "category": "Fresh Vegetables", "name": "Greenhouse Peppers, Orange", "price": "about $2.11", "sale_price": "", "previous_price": "", "image_url": "https://assets.shop.loblaws.ca/products/20166880001/b3/en/front/20166880001_front_a06_@2.png", "link": "https://www.loblaws.ca/greenhouse-peppers-orange/p/20166880001_KG?source=nspt", "brand": "", "package_size": "$8.80/1kg", "unit_price": "$3.99/1lb", "stock": "In stock", "points": "", "date_scraped": "2024-07-03T13:47:38.067983", "product_id": "d3a680bb743803656cfcc3ff7a9d6962", "organic": false},
{"store": "loblaws", "category": "Fresh Vegetables", "name": "Green Leaf Lettuce", "price": "$2.99", "sale_price": "", "previous_price": "", "image_url": "https://assets.shop.loblaws.ca/products/20133884001/b3/en/front/20133884001_front_a06_@2.png", "link": "https://www.loblaws.ca/green-leaf-lettuce/p/20133884001_EA?source=nspt", "brand": "", "package_size": "1 ea", "unit_price": "$2.99/1ea", "stock": "In stock", "points": "", "date_scraped": "2024-07-03T13:47:38.070604", "product_id": "92f62ee004609c8974db0284b400dd4e", "organic": false},
{"store": "loblaws", "category": "Fresh Fruits", "name": "Ataulfo Mango", "price": "$2.49", "sale_price": "", "previous_price": "", "image_url": "https://assets.shop.loblaws.ca/products/20121509001/b3/en/front/20121509001_front_a06_@2.png", "link": "https://www.loblaws.ca/ataulfo-mango/p/20121509001_EA?source=nspt", "brand": "", "package_size": "1 ea", "unit_price": "$2.49/1ea", "stock": "In stock", "points": "", "date_scraped": "2024-07-03T13:47:38.072187", "product_id": "db9d0f7d14ac568c995aa7808606a4ea", "organic": false},
{"store": "loblaws", "category": "Fresh Fruits", "name": "Ambrosia Apples", "price": "", "sale_price": "about $0.97", "previous_price": "$1.45", "image_url": "https://assets.shop.loblaws.ca/products/20092614001/b3/en/front/20092614001_front_a06_@2.png", "link": "https://www.loblaws.ca/ambrosia-apples/p/20092614001_KG?source=nspt", "brand": "President's Choice", "package_size": "$4.39/1kg", "unit_price": "$1.99/1lb", "stock": "In stock", "points": "", "date_scraped": "2024-07-03T13:47:38.074301", "product_id": "9703cae94f7ef3ecbb90cae47984ac38", "organic": false},
{"store": "loblaws", "category": "Fresh Fruits", "name": "Ambrosia Apples", "price": "", "sale_price": "$6.99", "previous_price": "$8.99", "image_url": "https://assets.shop.loblaws.ca/products/21307212001/b3/en/front/21307212001_front_a06_@2.png", "link": "https://www.loblaws.ca/ambrosia-apples/p/21307212001_EA?source=nspt", "brand": "Farmer's Market", "package_size": "1.814 kg", "unit_price": "$0.39/100g", "stock": "In stock", "points": "", "date_scraped": "2024-07-03T13:47:38.075813", "product_id": "a38f0c86507974d4875ad8302a5c7d2b", "organic": false},
{"store": "loblaws", "category": "Fresh Fruits", "name": "Blackberries 1 pint", "price": "$7.99", "sale_price": "", "previous_price": "", "image_url": "https://assets.shop.loblaws.ca/products/20138228001/b3/en/front/20138228001_front_a06_@2.png", "link": "https://www.loblaws.ca/blackberries-1-pint/p/20138228001_EA?source=nspt", "brand": "", "package_size": "340 g", "unit_price": "$2.35/100g", "stock": "In stock", "points": "", "date_scraped": "2024-07-03T13:47:38.077419", "product_id": "69d33cc4061f291b70db36496c3cc5f2", "organic": false},
{"store": "loblaws", "category": "Fresh Fruits", "name": "Pink Lady Apples", "price": "about $1.38", "sale_price": "", "previous_price": "", "image_url": "https://assets.shop.loblaws.ca/products/20093376001/b3/en/front/20093376001_front_a06_@2.png", "link": "https://www.loblaws.ca/pink-lady-apples/p/20093376001_KG?source=nspt", "brand": "", "package_size": "$6.59/1kg", "unit_price": "$2.99/1lb", "stock": "In stock", "points": "", "date_scraped": "2024-07-03T13:47:38.079011", "product_id": "be026613a8c1432cf06a36a84088fd3a", "organic": false},
{"store": "loblaws", "category": "Fresh Fruits", "name": "Naturally Imperfect Avocados, 3 lb Bag", "price": "$10.00", "sale_price": "", "previous_price": "", "image_url": "https://assets.shop.loblaws.ca/products/21086003001/b3/en/front/21086003001_front_a06_@2.png", "link": "https://www.loblaws.ca/naturally-imperfect-avocados-3-lb-bag/p/21086003001_EA?source=nspt", "brand": "No Name", "package_size": "1.36 kg", "unit_price": "$0.74/100g", "stock": "In stock", "points": "", "date_scraped": "2024-07-03T13:47:38.080020", "product_id": "755a3e86d13e72f8b47cc8ea1368b961", "organic": false},
{"store": "loblaws", "category": "Fresh Fruits", "name": "Red Pummelos", "price": "$5.99", "sale_price": "", "previous_price": "", "image_url": "https://assets.shop.loblaws.ca/products/20081390001/b3/en/front/20081390001_front_a06_@2.png", "link": "https://www.loblaws.ca/red-pummelos/p/20081390001_EA?source=nspt", "brand": "Sunkist", "package_size": "1 ea", "unit_price": "$5.99/1ea", "stock": "In stock", "points": "", "date_scraped": "2024-07-03T13:47:38.081710", "product_id": "0a54a5959a40c92ab4b1a948abfa1497", "organic": false},
{"store": "loblaws", "category": "Deli Meat", "name": "Napoli-Style Pepperette", "price": "$4.59", "sale_price": "", "previous_price": "", "image_url": "https://assets.shop.loblaws.ca/products/20145813/b3/en/front/20145813_front_a06_@2.png", "link": "https://www.loblaws.ca/napoli-style-pepperette/p/20145813_KG?source=nspt", "brand": "Schneider", "package_size": "", "unit_price": "$4.59/100g", "stock": "In stock", "points": "", "date_scraped": "2024-07-03T13:47:38.083907", "product_id": "af9fc805c5fce8e3f51a1db59a1876b3", "organic": false},
{"store": "loblaws", "category": "Deli Meat", "name": "Hungarian Sausage", "price": "$2.99", "sale_price": "", "previous_price": "", "image_url": "https://assets.shop.loblaws.ca/products/20996143/b3/en/front/20996143_front_a06_@2.png", "link": "https://www.loblaws.ca/hungarian-sausage/p/20996143_KG?source=nspt", "brand": "Sikorski Sausages", "package_size": "", "unit_price": "$29.90/1kg", "stock": "In stock", "points": "", "date_scraped": "2024-07-03T13:47:38.086430", "product_id": "0008bd288c6761587314d95c2cc47b18", "organic": false},
{"store": "loblaws", "category": "Deli Meat", "name": "Dried Hunter Sausage", "price": "$3.99", "sale_price": "", "previous_price": "", "image_url": "https://assets.shop.loblaws.ca/products/20995623/b3/en/front/20995623_front_a06_@2.png", "link": "https://www.loblaws.ca/dried-hunter-sausage/p/20995623_KG?source=nspt", "brand": "Sikorski Sausages", "package_size": "", "unit_price": "$39.90/1kg", "stock": "In stock", "points": "", "date_scraped": "2024-07-03T13:47:38.087627", "product_id": "aa29fdd3a09e0c5a0d029c8c4623f6a8", "organic": false},
{"store": "loblaws", "category": "Deli Meat", "name": "Pepperettes On-the-go Sausage Sticks, Original Flavour", "price": "$4.29", "sale_price": "", "previous_price": "", "image_url": "https://assets.shop.loblaws.ca/products/21060737/b3/en/front/21060737_front_a06_@2.png", "link": "https://www.loblaws.ca/pepperettes-on-the-go-sausage-sticks-original-flav/p/21060737_EA?source=nspt", "brand": "Schneider", "package_size": "60 g", "unit_price": "$7.15/100g", "stock": "In stock", "points": "", "date_scraped": "2024-07-03T13:47:38.088670", "product_id": "10cb223f98a67f8df613c79218c27138", "organic": false},
{"store": "loblaws", "category": "Deli Meat", "name": "Pepperoni Hot", "price": "$4.99", "sale_price": "", "previous_price": "", "image_url": "https://assets.shop.loblaws.ca/products/21068373/b3/en/front/21068373_front_a06_@2.png", "link": "https://www.loblaws.ca/pepperoni-hot/p/21068373_EA?source=nspt", "brand": "Noah Martin", "package_size": "75 g", "unit_price": "$6.65/100g", "stock": "In stock", "points": "", "date_scraped": "2024-07-03T13:47:38.090602", "product_id": "dc2425f14b0af1b91b1d8ed05e41f3a5", "organic": false},
{"store": "loblaws", "category": "Deli Meat", "name": "Country Store Pepperoni Minis Mild", "price": "$6.99", "sale_price": "", "previous_price": "", "image_url": "https://assets.shop.loblaws.ca/products/21155913/b3/en/front/21155913_front_a06_@2.png", "link": "https://www.loblaws.ca/country-store-pepperoni-minis-mild/p/21155913_EA?source=nspt", "brand": "Noah Martin", "package_size": "125 g", "unit_price": "$5.59/100g", "stock": "In stock", "points": "", "date_scraped": "2024-07-03T13:47:38.092152", "product_id": "105cab37bc8e28c6875ac6fe1ed96177", "organic": false},
{"store": "loblaws", "category": "Fresh Vegetables", "name": "Cabbage, Green", "price": "about $4.77", "sale_price": "", "previous_price": "", "image_url": "https://assets.shop.loblaws.ca/products/20793034001/b3/en/front/20793034001_front_a06_@2.png", "link": "https://www.loblaws.ca/cabbage-green/p/20793034001_KG?source=nspt", "brand": "", "package_size": "$2.84/1kg", "unit_price": "$1.29/1lb", "stock": "In stock", "points": "", "date_scraped": "2024-07-03T13:47:38.093724", "product_id": "bcd4b721e1388c4cd65c059b08b7a47b", "organic": false},
{"store": "loblaws", "category": "Fresh Vegetables", "name": "White Mushrooms", "price": "", "sale_price": "2 FOR $6.00", "previous_price": "", "image_url": "https://assets.shop.loblaws.ca/products/21021499/b3/en/front/21021499_front_a06_@2.png", "link": "https://www.loblaws.ca/white-mushrooms/p/21021499_EA?source=nspt", "brand": "PC Organics", "package_size": "227 g", "unit_price": "$1.54/100g", "stock": "In stock", "points": "", "date_scraped": "2024-07-03T13:47:38.096680", "product_id": "04680e0a1caa693fb7ec4f7e11956d71", "organic": false},
{"store": "loblaws", "category": "Fresh Vegetables", "name": "Jalapeno Peppers", "price": "about $0.55", "sale_price": "", "previous_price": "", "image_url": "https://assets.shop.loblaws.ca/products/20088387001/b3/en/front/20088387001_front_a06_@2.png", "link": "https://www.loblaws.ca/jalapeno-peppers/p/20088387001_KG?source=nspt", "brand": "", "package_size": "$11.00/1kg", "unit_price": "$4.99/1lb", "stock": "In stock", "points": "", "date_scraped": "2024-07-03T13:47:38.098781", "product_id": "3647cf783f3503b3efc3215702bd373f", "organic": false},
{"store": "loblaws", "category": "Fresh Vegetables", "name": "Yellow Mini Potatoes", "price": "$4.99", "sale_price": "", "previous_price": "", "image_url": "https://assets.shop.loblaws.ca/products/21247300001/b3/en/front/21247300001_front_a06_@2.png", "link": "https://www.loblaws.ca/yellow-mini-potatoes/p/21247300001_EA?source=nspt", "brand": "President's Choice", "package_size": "0.68 kg", "unit_price": "$0.73/100g", "stock": "In stock", "points": "", "date_scraped": "2024-07-03T13:47:38.102033", "product_id": "f0093d0b64fe8240c365c3a48ad286f3", "organic": false},
{"store": "loblaws", "category": "Fresh Vegetables", "name": "White Onion", "price": "about $3.26", "sale_price": "", "previous_price": "", "image_url": "https://assets.shop.loblaws.ca/products/20003839001/b3/en/front/20003839001_front_a06_@2.png", "link": "https://www.loblaws.ca/white-onion/p/20003839001_KG?source=nspt", "brand": "", "package_size": "$8.80/1kg", "unit_price": "$3.99/1lb", "stock": "In stock", "points": "", "date_scraped": "2024-07-03T13:47:38.103611", "product_id": "3d1c7b38a8563b50de92ea16fc60e425", "organic": false},
{"store": "loblaws", "category": "Fresh Fruits", "name": "McIntosh Apples", "price": "about $1.32", "sale_price": "", "previous_price": "", "image_url": "https://assets.shop.loblaws.ca/products/20039956001/b3/en/front/20039956001_front_a06_@2.png", "link": "https://www.loblaws.ca/mcintosh-apples/p/20039956001_KG?source=nspt", "brand": "", "package_size": "$6.59/1kg", "unit_price": "$2.99/1lb", "stock": "In stock", "points": "", "date_scraped": "2024-07-03T13:47:38.106131", "product_id": "1b074944c3e815fd1175482ab3bc602a", "organic": false},
{"store": "loblaws", "category": "Fresh Fruits", "name": "Pomelo 4 Colour Gift Box", "price": "$18.88", "sale_price": "", "previous_price": "", "image_url": "https://assets.shop.loblaws.ca/products/21372028001/b3/en/front/21372028001_front_a06_@2.png", "link": "https://www.loblaws.ca/pomelo-4-colour-gift-box/p/21372028001_EA?source=nspt", "brand": "", "package_size": "4.5 kg", "unit_price": "$0.42/100g", "stock": "Out of Stock", "points": "", "date_scraped": "2024-07-03T13:47:38.107482", "product_id": "fe8a74d5d25be4f7cbc43414b1383303", "organic": false},
{"store": "loblaws", "category": "Fresh Fruits", "name": "Atemoya", "price": "$4.99", "sale_price": "", "previous_price": "", "image_url": "https://assets.shop.loblaws.ca/products/20965690001/b3/en/front/20965690001_front_a06_@2.png", "link": "https://www.loblaws.ca/atemoya/p/20965690001_EA?source=nspt", "brand": "", "package_size": "1 ea", "unit_price": "$4.99/1ea", "stock": "Out of Stock", "points": "", "date_scraped": "2024-07-03T13:47:38.109121", "product_id": "3664dd54a4c4729a9681ffbfb031592b", "organic": false},
{"store": "loblaws", "category": "Fresh Fruits", "name": "Organic Raspberries 1/2 pint", "price": "$6.99", "sale_price": "", "previous_price": "", "image_url": "https://assets.shop.loblaws.ca/products/20056190001/b3/en/front/20056190001_front_a06_@2.png", "link": "https://www.loblaws.ca/organic-raspberries-1-2-pint/p/20056190001_EA?source=nspt", "brand": "", "package_size": "170 g", "unit_price": "$4.11/100g", "stock": "In stock", "points": "", "date_scraped": "2024-07-03T13:47:38.110674", "product_id": "764cfe0a611bfe620eab3416d8c71568", "organic": true},
{"store": "loblaws", "category": "Fresh Fruits", "name": "Sweet & Sour Tamarind", "price": "$5.99", "sale_price": "", "previous_price": "", "image_url": "https://assets.shop.loblaws.ca/products/21566812001/b3/en/front/21566812001_front_a06_@2.png", "link": "https://www.loblaws.ca/sweet-sour-tamarind/p/21566812001_EA?source=nspt", "brand": "", "package_size": "500 g", "unit_price": "$1.20/100g", "stock": "In stock", "points": "", "date_scraped": "2024-07-03T13:47:38.112250", "product_id": "c81e6f2c07bc2cd9fe2811dd832a4372", "organic": false},
{"store": "loblaws", "category": "Fresh Fruits", "name": "Fresh Kiwi Fruit", "price": "$5.99", "sale_price": "", "previous_price": "", "image_url": "https://assets.shop.loblaws.ca/products/21099138001/b3/en/front/21099138001_front_a06_@2.png", "link": "https://www.loblaws.ca/fresh-kiwi-fruit/p/21099138001_EA?source=nspt", "brand": "", "package_size": "600 g", "unit_price": "$1.00/100g", "stock": "Low Stock", "points": "", "date_scraped": "2024-07-03T13:47:38.113826", "product_id": "7752055302effd18dec89752580c389c", "organic": false},
{"store": "loblaws", "category": "Deli Meat", "name": "Country Store Turkey Pepperoni", "price": "$4.99", "sale_price": "", "previous_price": "", "image_url": "https://assets.shop.loblaws.ca/products/21068376/b3/en/front/21068376_front_a06_@2.png", "link": "https://www.loblaws.ca/country-store-turkey-pepperoni/p/21068376_EA?source=nspt", "brand": "Noah Martin", "package_size": "75 g", "unit_price": "$6.65/100g", "stock": "In stock", "points": "", "date_scraped": "2024-07-03T13:47:38.116435", "product_id": "97af92d028d19ba0ef90e8687c37cac5", "organic": false},
{"store": "loblaws", "category": "Deli Meat", "name": "Smoke House Naturally Smoked Pepperoni Honey Garlic", "price": "$6.00", "sale_price": "", "previous_price": "", "image_url": "https://assets.shop.loblaws.ca/products/21507915/b3/en/front/21507915_front_a06_@2.png", "link": "https://www.loblaws.ca/smoke-house-naturally-smoked-pepperoni-honey-garli/p/21507915_EA?source=nspt", "brand": "Gold Label", "package_size": "225 g", "unit_price": "$2.67/100g", "stock": "In stock", "points": "", "date_scraped": "2024-07-03T13:47:38.119590", "product_id": "dc06ceafb89d52815bfdddf15b92f11d", "organic": false},
{"store": "loblaws", "category": "Deli Meat", "name": "Turkey Pepperoni, Mild", "price": "$1.99", "sale_price": "", "previous_price": "", "image_url": "https://assets.shop.loblaws.ca/products/20793411/b3/en/front/20793411_front_a06_@2.png", "link": "https://www.loblaws.ca/turkey-pepperoni-mild/p/20793411_EA?source=nspt", "brand": "Noah Martin", "package_size": "50 g", "unit_price": "$3.98/100g", "stock": "In stock", "points": "", "date_scraped": "2024-07-03T13:47:38.122730", "product_id": "e73fec17d5228d09d0cb85ab74ea2f37", "organic": false},
{"store": "loblaws", "category": "Deli Meat", "name": "Chorizo Sausage", "price": "$3.29", "sale_price": "", "previous_price": "", "image_url": "https://assets.shop.loblaws.ca/products/20996150/b3/en/front/20996150_front_a06_@2.png", "link": "https://www.loblaws.ca/chorizo-sausage/p/20996150_KG?source=nspt", "brand": "Sikorski Sausages", "package_size": "", "unit_price": "$32.90/1kg", "stock": "In stock", "points": "", "date_scraped": "2024-07-03T13:47:38.125488", "product_id": "e26fccd1404ed2f53a08fb2fae584ebe", "organic": false},
{"store": "loblaws", "category": "Fresh Vegetables", "name": "Mixed Peppers (6 Pack)", "price": "$8.99", "sale_price": "", "previous_price": "", "image_url": "https://assets.shop.loblaws.ca/products/21030970001/b3/en/front/21030970001_front_a06_@2.png", "link": "https://www.loblaws.ca/mixed-peppers-6-pack/p/21030970001_EA?source=nspt", "brand": "Farmer's Market", "package_size": "6x1.0 ea", "unit_price": "$1.50/1ea", "stock": "In stock", "points": "", "date_scraped": "2024-07-03T13:47:38.127584", "product_id": "505eb1a652bf72d42247dfbe6a87d293", "organic": false},
{"store": "loblaws", "category": "Fresh Vegetables", "name": "Blue Cluster Mushroom, Fresh", "price": "about $8.26", "sale_price": "", "previous_price": "", "image_url": "", "link": "https://www.loblaws.ca/blue-cluster-mushroom-fresh/p/20760992_KG?source=nspt", "brand": "", "package_size": "$55.09/1kg", "unit_price": "$25.00/1lb", "stock": "Out of Stock", "points": "", "date_scraped": "2024-07-03T13:47:38.129140", "product_id": "bbbf80da991ae776385e3c2624af796e", "organic": false},
{"store": "loblaws", "category": "Fresh Vegetables", "name": "Organic Sweet Potatoes, 3 lb Bag", "price": "$7.99", "sale_price": "", "previous_price": "", "image_url": "https://assets.shop.loblaws.ca/products/20639082001/b3/en/front/20639082001_front_a06_@2.png", "link": "https://www.loblaws.ca/organic-sweet-potatoes-3-lb-bag/p/20639082001_EA?source=nspt", "brand": "PC Organics", "package_size": "1.36 kg", "unit_price": "$0.59/100g", "stock": "In stock", "points": "", "date_scraped": "2024-07-03T13:47:38.130554", "product_id": "6bd0a251418a862ee14785b80e0fa4ba", "organic": true},
{"store": "loblaws", "category": "Fresh Vegetables", "name": "Organic, Red Kale", "price": "$4.99", "sale_price": "", "previous_price": "", "image_url": "https://assets.shop.loblaws.ca/products/21095251001/b3/en/front/21095251001_front_a06_@2.png", "link": "https://www.loblaws.ca/organic-red-kale/p/21095251001_EA?source=nspt", "brand": "", "package_size": "1", "unit_price": "bunch", "stock": "In stock", "points": "", "date_scraped": "2024-07-03T13:47:38.132102", "product_id": "2f10a90933161c38391ae14a3e1265ee", "organic": true},
{"store": "loblaws", "category": "Fresh Fruits", "name": "Sugar Cane", "price": "$2.99", "sale_price": "", "previous_price": "", "image_url": "https://assets.shop.loblaws.ca/products/20708073001/b3/en/front/20708073001_front_a06_@2.png", "link": "https://www.loblaws.ca/sugar-cane/p/20708073001_EA?source=nspt", "brand": "", "package_size": "1 ea", "unit_price": "$2.99/1ea", "stock": "Out of Stock", "points": "", "date_scraped": "2024-07-03T13:47:38.150251", "product_id": "b7c1766dbaa75b0d4534764097728dd2", "organic": false},
{"store": "loblaws", "category": "Fresh Fruits", "name": "Pink Guava", "price": "$7.00", "sale_price": "", "previous_price": "", "image_url": "https://assets.shop.loblaws.ca/products/21575914001/b3/en/front/21575914001_front_a06_@2.png", "link": "https://www.loblaws.ca/pink-guava/p/21575914001_EA?source=nspt", "brand": "President's Choice", "package_size": "1 ea", "unit_price": "$7.00/1ea", "stock": "Low Stock", "points": "", "date_scraped": "2024-07-03T13:47:38.153191", "product_id": "2c32174117e0c7d49d9dbf0eb0b038a7", "organic": false},
{"store": "loblaws", "category": "Fresh Fruits", "name": "Papaya", "price": "about $5.71", "sale_price": "", "previous_price": "", "image_url": "https://assets.shop.loblaws.ca/products/20817066001/b3/en/front/20817066001_front_a06_@2.png", "link": "https://www.loblaws.ca/papaya/p/20817066001_KG?source=nspt", "brand": "", "package_size": "$4.39/1kg", "unit_price": "$1.99/1lb", "stock": "Out of Stock", "points": "", "date_scraped": "2024-07-03T13:47:38.155762", "product_id": "f5ceb3e42697c182e712e86ca2fab423", "organic": false},
{"store": "loblaws", "category": "Deli Meat", "name": "Lean BBQ Sausage", "price": "$2.49", "sale_price": "", "previous_price": "", "image_url": "https://assets.shop.loblaws.ca/products/20995534/b3/en/front/20995534_front_a06_@2.png", "link": "https://www.loblaws.ca/lean-bbq-sausage/p/20995534_KG?source=nspt", "brand": "Sikorski Sausages", "package_size": "", "unit_price": "$24.90/1kg", "stock": "In stock", "points": "", "date_scraped": "2024-07-03T13:47:38.160592", "product_id": "a7dacd67e0a23c1e4cd9b8645d2452c3", "organic": false},
{"store": "loblaws", "category": "Deli Meat", "name": "Village Sausage", "price": "$3.29", "sale_price": "", "previous_price": "", "image_url": "https://assets.shop.loblaws.ca/products/20996141/b3/en/front/20996141_front_a06_@2.png", "link": "https://www.loblaws.ca/village-sausage/p/20996141_KG?source=nspt", "brand": "Sikorski Sausages", "package_size": "", "unit_price": "$32.90/1kg", "stock": "In stock", "points": "", "date_scraped": "2024-07-03T13:47:38.162179", "product_id": "f87ea0b0f04a667e467f72ae19fb6be8", "organic": false},
{"store": "loblaws", "category": "Deli Meat", "name": "Pepperettes On-the-go Sausage Sticks, Hot Pepperoni", "price": "$4.29", "sale_price": "", "previous_price": "", "image_url": "https://assets.shop.loblaws.ca/products/21060769/b3/en/front/21060769_front_a06_@2.png", "link": "https://www.loblaws.ca/pepperettes-on-the-go-sausage-sticks-hot-pepperoni/p/21060769_EA?source=nspt", "brand": "Schneider", "package_size": "60 g", "unit_price": "$7.15/100g", "stock": "In stock", "points": "", "date_scraped": "2024-07-03T13:47:38.166300", "product_id": "29a9f6567bde73831d3155d595383b5e", "organic": false},
{"store": "loblaws", "category": "Deli Meat", "name": "BBQ Debrecyna", "price": "$2.49", "sale_price": "", "previous_price": "", "image_url": "https://assets.shop.loblaws.ca/products/20996146/b3/en/front/20996146_front_a06_@2.png", "link": "https://www.loblaws.ca/bbq-debrecyna/p/20996146_KG?source=nspt", "brand": "Sikorski Sausages", "package_size": "", "unit_price": "$24.90/1kg", "stock": "In stock", "points": "", "date_scraped": "2024-07-03T13:47:38.168885", "product_id": "8ab2088ac614be5a2280b4bff50b9f51", "organic": false},
{"store": "loblaws", "category": "Deli Meat", "name": "Pepperettes\u00ae On-the-go\u00ae Sausage Sticks, Pepperoni", "price": "$4.29", "sale_price": "", "previous_price": "", "image_url": "https://assets.shop.loblaws.ca/products/21060808/b3/en/front/21060808_front_a06_@2.png", "link": "https://www.loblaws.ca/pepperettes-on-the-go-sausage-sticks-pepperoni/p/21060808_EA?source=nspt", "brand": "Schneider", "package_size": "60 g", "unit_price": "$7.15/100g", "stock": "In stock", "points": "", "date_scraped": "2024-07-03T13:47:38.172057", "product_id": "dcc827eb10a3a61d828923cff6180be6", "organic": false},
{"store": "loblaws", "category": "Fresh Fruits", "name": "Fresh Kiwi Fruit", "price": "$5.99", "sale_price": "", "previous_price": "", "image_url": "https://assets.shop.loblaws.ca/products/21099138001/b3/en/front/21099138001_front_a06_@2.png", "link": "https://www.loblaws.ca/fresh-kiwi-fruit/p/21099138001_EA?source=nspt", "brand": "", "package_size": "600 g", "unit_price": "$1.00/100g", "stock": "Low Stock", "points": "", "date_scraped": "2024-07-03T13:48:09.440850", "product_id": "7752055302effd18dec89752580c389c", "organic": false},
{"store": "loblaws", "category": "Fresh Vegetables", "name": "Yellow Oyster Mushroom ", "price": "$8.99", "sale_price": "", "previous_price": "", "image_url": "https://assets.shop.loblaws.ca/products/21518733/b3/en/front/21518733_front_a06_@2.png", "link": "https://www.loblaws.ca/yellow-oyster-mushroom/p/21518733_EA?source=nspt", "brand": "", "package_size": "200 g", "unit_price": "$4.50/100g", "stock": "Low Stock", "points": "", "date_scraped": "2024-07-03T13:48:09.457168", "product_id": "55351266051ae113625a6892fabf9c3a", "organic": false},
{"store": "loblaws", "category": "Fresh Fruits", "name": "Red Grapefruit, 3 lb Bag", "price": "$6.99", "sale_price": "", "previous_price": "", "image_url": "https://assets.shop.loblaws.ca/products/20118409001/b3/en/front/20118409001_front_a06_@2.png", "link": "https://www.loblaws.ca/red-grapefruit-3-lb-bag/p/20118409001_EA?source=nspt", "brand": "Farmer's Market", "package_size": "1.36 kg", "unit_price": "$0.51/100g", "stock": "In stock", "points": "", "date_scraped": "2024-07-03T13:48:09.461363", "product_id": "40780195c29de4503987297047758927", "organic": false},
{"store": "loblaws", "category": "Fresh Fruits", "name": "White Peaches", "price": "about $1.65", "sale_price": "", "previous_price": "", "image_url": "https://assets.shop.loblaws.ca/products/20109121001/b3/en/front/20109121001_front_a06_@2.png", "link": "https://www.loblaws.ca/white-peaches/p/20109121001_KG?source=nspt", "brand": "", "package_size": "$11.00/1kg", "unit_price": "$4.99/1lb", "stock": "In stock", "points": "", "date_scraped": "2024-07-03T13:48:09.464493", "product_id": "5f8ea2e7c650140cbd650d3da5dea41d", "organic": false},
{"store": "loblaws", "category": "Fresh Fruits", "name": "Apricots", "price": "about $1.08", "sale_price": "", "previous_price": "", "image_url": "https://assets.shop.loblaws.ca/products/20092504001/b3/en/front/20092504001_front_a06_@2.png", "link": "https://www.loblaws.ca/apricots/p/20092504001_KG?source=nspt", "brand": "", "package_size": "$15.41/1kg", "unit_price": "$6.99/1lb", "stock": "In stock", "points": "", "date_scraped": "2024-07-03T13:48:09.467769", "product_id": "eee4140b006238ba827bce7eb503b219", "organic": false},
{"store": "loblaws", "category": "Fresh Vegetables", "name": "Kabocha Squash", "price": "about $12.16", "sale_price": "", "previous_price": "", "image_url": "https://assets.shop.loblaws.ca/products/20326319001/b3/en/front/20326319001_front_a06_@2.png", "link": "https://www.loblaws.ca/kabocha-squash/p/20326319001_KG?source=nspt", "brand": "", "package_size": "$5.93/1kg", "unit_price": "$2.69/1lb", "stock": "Out of Stock", "points": "", "date_scraped": "2024-07-03T13:48:09.472125", "product_id": "2b1228b685d03654c62c9c1ae3370914", "organic": false},
{"store": "loblaws", "category": "Fresh Vegetables", "name": "Yu Choy Sum", "price": "about $3.68", "sale_price": "", "previous_price": "", "image_url": "https://assets.shop.loblaws.ca/products/20171853001/b3/en/front/20171853001_front_a06_@2.png", "link": "https://www.loblaws.ca/yu-choy-sum/p/20171853001_KG?source=nspt", "brand": "", "package_size": "$5.49/1kg", "unit_price": "$2.49/1lb", "stock": "Out of Stock", "points": "", "date_scraped": "2024-07-03T13:48:09.475817", "product_id": "bc4e755537329e4464134d80704b6e3d", "organic": false},
{"store": "loblaws", "category": "Fresh Vegetables", "name": "Roma Tomatoes", "price": "$7.99", "sale_price": "", "previous_price": "", "image_url": "https://assets.shop.loblaws.ca/products/20887498001/b3/en/front/20887498001_front_a06_@2.png", "link": "https://www.loblaws.ca/roma-tomatoes/p/20887498001_EA?source=nspt", "brand": "Farmer's Market", "package_size": "1 ea", "unit_price": "$0.59/100g", "stock": "In stock", "points": "", "date_scraped": "2024-07-03T13:48:09.482565", "product_id": "e994d7666806a6bb64889042a3867b2c", "organic": false},
{"store": "loblaws", "category": "Fresh Fruits", "name": "Nectarine", "price": "$9.99", "sale_price": "", "previous_price": "", "image_url": "https://assets.shop.loblaws.ca/products/21050490001/b3/en/front/21050490001_front_a06_@2.png", "link": "https://www.loblaws.ca/nectarine/p/21050490001_EA?source=nspt", "brand": "PC Organics", "package_size": "907 g", "unit_price": "$1.10/100g", "stock": "Out of Stock", "points": "", "date_scraped": "2024-07-03T13:48:09.485583", "product_id": "aa141ce06375a1705b82ac169c3086d9", "organic": false},
{"store": "loblaws", "category": "Fresh Fruits", "name": "Forelle Pears", "price": "about $1.45", "sale_price": "", "previous_price": "", "image_url": "https://assets.shop.loblaws.ca/products/20143210001/b3/en/front/20143210001_front_a06_@2.png", "link": "https://www.loblaws.ca/forelle-pears/p/20143210001_KG?source=nspt", "brand": "", "package_size": "$6.59/1kg", "unit_price": "$2.99/1lb", "stock": "Out of Stock", "points": "", "date_scraped": "2024-07-03T13:48:09.489630", "product_id": "cd1c0866ac18e04a393932daffc84b1f", "organic": false},
{"store": "loblaws", "category": "Fresh Fruits", "name": "Black Plums", "price": "about $0.88", "sale_price": "", "previous_price": "", "image_url": "https://assets.shop.loblaws.ca/products/20316478001/b3/en/front/20316478001_front_a06_@2.png", "link": "https://www.loblaws.ca/black-plums/p/20316478001_KG?source=nspt", "brand": "", "package_size": "$8.80/1kg", "unit_price": "$3.99/1lb", "stock": "In stock", "points": "", "date_scraped": "2024-07-03T13:48:09.491630", "product_id": "3fc75c5b053e48897b1ac69a940bddd5", "organic": false},
{"store": "loblaws", "category": "Fresh Fruits", "name": "Black Figs", "price": "$7.99", "sale_price": "", "previous_price": "", "image_url": "https://assets.shop.loblaws.ca/products/21165372001/b3/en/front/21165372001_front_a06_@2.png", "link": "https://www.loblaws.ca/black-figs/p/21165372001_EA?source=nspt", "brand": "", "package_size": "340 g", "unit_price": "$2.35/100g", "stock": "Out of Stock", "points": "", "date_scraped": "2024-07-03T13:48:09.493198", "product_id": "242ec20186a7bc11b65ddf5cc572a589", "organic": false},
{"store": "loblaws", "category": "Fresh Vegetables", "name": "Purple Sweet Potatoes", "price": "about $4.00", "sale_price": "", "previous_price": "", "image_url": "https://assets.shop.loblaws.ca/products/20849858001/b3/en/front/20849858001_front_a06_@2.png", "link": "https://www.loblaws.ca/purple-sweet-potatoes/p/20849858001_KG?source=nspt", "brand": "", "package_size": "$4.39/1kg", "unit_price": "$1.99/1lb", "stock": "In stock", "points": "", "date_scraped": "2024-07-03T13:48:09.495231", "product_id": "8054a76a7972c223ac6fc9f87a553e31", "organic": false},
{"store": "loblaws", "category": "Fresh Vegetables", "name": "White Potatoes, 10 lb Bag", "price": "$8.99", "sale_price": "", "previous_price": "", "image_url": "https://assets.shop.loblaws.ca/products/20112070001/b3/en/front/20112070001_front_a06_@2.png", "link": "https://www.loblaws.ca/white-potatoes-10-lb-bag/p/20112070001_EA?source=nspt", "brand": "", "package_size": "4.536 kg", "unit_price": "$0.20/100g", "stock": "In stock", "points": "", "date_scraped": "2024-07-03T13:48:09.496949", "product_id": "d2c2872089cf2c5a51ca7ad77482cb20", "organic": false},
{"store": "loblaws", "category": "Fresh Vegetables", "name": "Potato White/Russet Small, 3lb", "price": "$1.99", "sale_price": "", "previous_price": "", "image_url": "https://assets.shop.loblaws.ca/products/21209989001/b3/en/front/21209989001_front_a06_@2.png", "link": "https://www.loblaws.ca/potato-white-russet-small-3lb/p/21209989001_EA?source=nspt", "brand": "", "package_size": "1.36 kg", "unit_price": "$0.15/100g", "stock": "Out of Stock", "points": "", "date_scraped": "2024-07-03T13:48:09.500593", "product_id": "aa8ff1649cce9751985d4d7c46ca7b8a", "organic": false},
{"store": "loblaws", "category": "Fresh Vegetables", "name": "Organic, Red Kale", "price": "$4.99", "sale_price": "", "previous_price": "", "image_url": "https://assets.shop.loblaws.ca/products/21095251001/b3/en/front/21095251001_front_a06_@2.png", "link": "https://www.loblaws.ca/organic-red-kale/p/21095251001_EA?source=nspt", "brand": "", "package_size": "1", "unit_price": "bunch", "stock": "In stock", "points": "", "date_scraped": "2024-07-03T13:48:09.503104", "product_id": "2f10a90933161c38391ae14a3e1265ee", "organic": true},
{"store": "loblaws", "category": "Fresh Fruits", "name": "Granny Smith Apples, 3 lb Bag", "price": "$9.99", "sale_price": "", "previous_price": "", "image_url": "https://assets.shop.loblaws.ca/products/20725795001/b3/en/front/20725795001_front_a06_@2.png", "link": "https://www.loblaws.ca/granny-smith-apples-3-lb-bag/p/20725795001_EA?source=nspt", "brand": "PC Organics", "package_size": "1.36 kg", "unit_price": "$0.73/100g", "stock": "In stock", "points": "", "date_scraped": "2024-07-03T13:48:09.505201", "product_id": "4c2524fa1aab549c68538c90ac06e31c", "organic": false},
{"store": "loblaws", "category": "Fresh Fruits", "name": "Avocados, Bag", "price": "$7.49", "sale_price": "", "previous_price": "", "image_url": "https://assets.shop.loblaws.ca/products/20680596001/b3/en/front/20680596001_front_a06_@2.png", "link": "https://www.loblaws.ca/avocados-bag/p/20680596001_EA?source=nspt", "brand": "PC Organics", "package_size": "3 pack", "unit_price": "$2.50/1ea", "stock": "Out of Stock", "points": "", "date_scraped": "2024-07-03T13:48:09.508704", "product_id": "d76df105120904d804f10dbfc814ee1c", "organic": false},
{"store": "loblaws", "category": "Fresh Fruits", "name": "Organic Bartlett Pears", "price": "about $1.54", "sale_price": "", "previous_price": "", "image_url": "https://assets.shop.loblaws.ca/products/20061097001/b3/en/front/20061097001_front_a06_@2.png", "link": "https://www.loblaws.ca/organic-bartlett-pears/p/20061097001_KG?source=nspt", "brand": "PC Organics", "package_size": "$7.69/1kg", "unit_price": "$3.49/1lb", "stock": "In stock", "points": "", "date_scraped": "2024-07-03T13:48:09.511391", "product_id": "115286065d039545241505b47f945cae", "organic": true},
{"store": "loblaws", "category": "Fresh Fruits", "name": "Granny Smith Apples, 4 lb Bag", "price": "$9.99", "sale_price": "", "previous_price": "", "image_url": "https://assets.shop.loblaws.ca/products/20128645001/b3/en/front/20128645001_front_a06_@2.png", "link": "https://www.loblaws.ca/granny-smith-apples-4-lb-bag/p/20128645001_EA?source=nspt", "brand": "Farmer's Market", "package_size": "1.81 kg", "unit_price": "$0.55/100g", "stock": "In stock", "points": "", "date_scraped": "2024-07-03T13:48:09.515337", "product_id": "ab986f70fbf27f4e86ad7fbd99c9e7b6", "organic": false},
{"store": "loblaws", "category": "Fresh Vegetables", "name": "Blue Cluster Mushroom, Fresh", "price": "about $8.26", "sale_price": "", "previous_price": "", "image_url": "", "link": "https://www.loblaws.ca/blue-cluster-mushroom-fresh/p/20760992_KG?source=nspt", "brand": "", "package_size": "$55.09/1kg", "unit_price": "$25.00/1lb", "stock": "Out of Stock", "points": "", "date_scraped": "2024-07-03T13:48:09.517869", "product_id": "bbbf80da991ae776385e3c2624af796e", "organic": false},
{"store": "loblaws", "category": "Fresh Vegetables", "name": "Organic Cauliflower", "price": "$5.99", "sale_price": "", "previous_price": "", "image_url": "https://assets.shop.loblaws.ca/products/20001440001/b3/en/front/20001440001_front_a06_@2.png", "link": "https://www.loblaws.ca/organic-cauliflower/p/20001440001_EA?source=nspt", "brand": "PC Organics", "package_size": "1 ea", "unit_price": "$5.99/1ea", "stock": "In stock", "points": "", "date_scraped": "2024-07-03T13:48:09.521185", "product_id": "2cbd18b93483ebd73842dc11573ec555", "organic": true},
{"store": "loblaws", "category": "Fresh Vegetables", "name": "Organic Beet Bunch", "price": "$5.99", "sale_price": "", "previous_price": "", "image_url": "https://assets.shop.loblaws.ca/products/21095252001/b3/en/front/21095252001_front_a06_@2.png", "link": "https://www.loblaws.ca/organic-beet-bunch/p/21095252001_EA?source=nspt", "brand": "", "package_size": "699 g", "unit_price": "$0.86/100g", "stock": "In stock", "points": "", "date_scraped": "2024-07-03T13:48:09.523285", "product_id": "4bc3f53595bd69b494cb4d8288f24bcb", "organic": true},
{"store": "loblaws", "category": "Fresh Vegetables", "name": "Yellow Zucchini", "price": "about $1.78", "sale_price": "", "previous_price": "", "image_url": "https://assets.shop.loblaws.ca/products/20148363001/b3/en/front/20148363001_front_a06_@2.png", "link": "https://www.loblaws.ca/yellow-zucchini/p/20148363001_KG?source=nspt", "brand": "", "package_size": "$6.59/1kg", "unit_price": "$2.99/1lb", "stock": "Out of Stock", "points": "", "date_scraped": "2024-07-03T13:48:09.527013", "product_id": "be581ee792a5640447c2327c824ef320", "organic": false},
{"store": "loblaws", "category": "Fresh Fruits", "name": "Baby Mango", "price": "", "sale_price": "$1.49", "previous_price": "$1.99", "image_url": "https://assets.shop.loblaws.ca/products/21406494001/b3/en/front/21406494001_front_a06_@2.png", "link": "https://www.loblaws.ca/baby-mango/p/21406494001_EA?source=nspt", "brand": "", "package_size": "1 ea", "unit_price": "$1.49/1ea", "stock": "In stock", "points": "", "date_scraped": "2024-07-03T13:48:09.529626", "product_id": "98234c5ebc1973b04d18dfcfd6ad1438", "organic": false},
{"store": "loblaws", "category": "Fresh Fruits", "name": "Yellow Pitahaya", "price": "$5.00", "sale_price": "", "previous_price": "", "image_url": "https://assets.shop.loblaws.ca/products/21575847001/b3/en/front/21575847001_front_a06_@2.png", "link": "https://www.loblaws.ca/yellow-pitahaya/p/21575847001_EA?source=nspt", "brand": "President's Choice", "package_size": "1 ea", "unit_price": "$5.00/1ea", "stock": "In stock", "points": "", "date_scraped": "2024-07-03T13:48:09.531636", "product_id": "6f3e3e804a898af0ef933fa5d4b10f23", "organic": false},
{"store": "loblaws", "category": "Fresh Fruits", "name": "Peach", "price": "$9.99", "sale_price": "", "previous_price": "", "image_url": "https://assets.shop.loblaws.ca/products/21050564001/b3/en/front/21050564001_front_a06_@2.png", "link": "https://www.loblaws.ca/peach/p/21050564001_EA?source=nspt", "brand": "PC Organics", "package_size": "907 g", "unit_price": "$1.10/100g", "stock": "In stock", "points": "", "date_scraped": "2024-07-03T13:48:09.534152", "product_id": "334ac0b9cd2a5c8e16ba1ded57e45e12", "organic": false},
{"store": "loblaws", "category": "Fresh Fruits", "name": "Mangosteen, pack 3", "price": "$5.99", "sale_price": "", "previous_price": "", "image_url": "https://assets.shop.loblaws.ca/products/21157321001/b3/en/front/21157321001_front_a06_@2.png", "link": "https://www.loblaws.ca/mangosteen-pack-3/p/21157321001_EA?source=nspt", "brand": "", "package_size": "1 ea", "unit_price": "$3.99/100g", "stock": "Out of Stock", "points": "", "date_scraped": "2024-07-03T13:48:09.536196", "product_id": "068728b80390a9fc441de19020b9c3b4", "organic": false},
{"store": "loblaws", "category": "Fresh Fruits", "name": "Santa Claus Melons", "price": "about $10.44", "sale_price": "", "previous_price": "", "image_url": "https://assets.shop.loblaws.ca/products/21023094001/b3/en/front/21023094001_front_a06_@2.png", "link": "https://www.loblaws.ca/santa-claus-melons/p/21023094001_KG?source=nspt", "brand": "", "package_size": "$5.49/1kg", "unit_price": "$2.49/1lb", "stock": "In stock", "points": "", "date_scraped": "2024-07-03T13:48:09.538761", "product_id": "e5b7878d79e9e81fc908ff14338001fd", "organic": false},
{"store": "loblaws", "category": "Fresh Vegetables", "name": "Taiwanese Flat Cabbage", "price": "about $3.21", "sale_price": "", "previous_price": "", "image_url": "https://assets.shop.loblaws.ca/products/20020863001/b3/en/front/20020863001_front_a06_@2.png", "link": "https://www.loblaws.ca/taiwanese-flat-cabbage/p/20020863001_KG?source=nspt", "brand": "", "package_size": "$2.84/1kg", "unit_price": "$1.29/1lb", "stock": "In stock", "points": "", "date_scraped": "2024-07-03T13:48:09.541891", "product_id": "32066548cb6c4956be656689af82ab87", "organic": false},
{"store": "loblaws", "category": "Fresh Vegetables", "name": "Organic Rainbow Carrots", "price": "$5.99", "sale_price": "", "previous_price": "", "image_url": "https://assets.shop.loblaws.ca/products/20908098001/b3/en/front/20908098001_front_a06_@2.png", "link": "https://www.loblaws.ca/organic-rainbow-carrots/p/20908098001_EA?source=nspt", "brand": "", "package_size": "1 bunch", "unit_price": "$5.99/1ea", "stock": "In stock", "points": "", "date_scraped": "2024-07-03T13:48:09.545023", "product_id": "963ef38075adf3a6e7c07c8df21de6fc", "organic": true},
{"store": "loblaws", "category": "Fresh Vegetables", "name": "Cocktail Tomatoes ", "price": "$4.99", "sale_price": "", "previous_price": "", "image_url": "https://assets.shop.loblaws.ca/products/20779176001/b3/en/front/20779176001_front_a06_@2.png", "link": "https://www.loblaws.ca/cocktail-tomatoes/p/20779176001_EA?source=nspt", "brand": "President's Choice", "package_size": "340 g", "unit_price": "$1.47/100g", "stock": "In stock", "points": "", "date_scraped": "2024-07-03T13:48:09.548709", "product_id": "0daa3aaa8d77db0c877d8ccc5aa96437", "organic": false},
{"store": "loblaws", "category": "Fresh Vegetables", "name": "Lemongrass", "price": "$1.69", "sale_price": "", "previous_price": "", "image_url": "https://assets.shop.loblaws.ca/products/20562078/b3/en/front/20562078_front_a06_@2.png", "link": "https://www.loblaws.ca/lemongrass/p/20562078_EA?source=nspt", "brand": "", "package_size": "1 ea", "unit_price": "$1.69/1ea", "stock": "Out of Stock", "points": "", "date_scraped": "2024-07-03T13:48:09.551834", "product_id": "44fd6126125e1d3000b6127406d58d9e", "organic": false},
{"store": "loblaws", "category": "Fresh Fruits", "name": "D'Anjou Pears", "price": "about $1.85", "sale_price": "", "previous_price": "", "image_url": "https://assets.shop.loblaws.ca/products/20174514001/b3/en/front/20174514001_front_a06_@2.png", "link": "https://www.loblaws.ca/d-anjou-pears/p/20174514001_KG?source=nspt", "brand": "", "package_size": "$7.69/1kg", "unit_price": "$3.49/1lb", "stock": "In stock", "points": "", "date_scraped": "2024-07-03T13:48:09.554937", "product_id": "c72f722c4cc3bf2e573e270d30edf644", "organic": false},
{"store": "loblaws", "category": "Fresh Fruits", "name": "Red Bananas, Bunch", "price": "about $3.74", "sale_price": "", "previous_price": "", "image_url": "https://assets.shop.loblaws.ca/products/20047209001/b3/en/front/20047209001_front_a06_@2.png", "link": "https://www.loblaws.ca/red-bananas-bunch/p/20047209001_KG?source=nspt", "brand": "", "package_size": "$5.05/1kg", "unit_price": "$2.29/1lb", "stock": "Low Stock", "points": "", "date_scraped": "2024-07-03T13:48:09.558560", "product_id": "e0f778c3ec98e9846cdc3f400e5a6ae3", "organic": false},
{"store": "loblaws", "category": "Fresh Fruits", "name": "Donut Peach", "price": "$11.00", "sale_price": "", "previous_price": "", "image_url": "https://assets.shop.loblaws.ca/products/21313668001/b3/en/front/21313668001_front_a06_@2.png", "link": "https://www.loblaws.ca/donut-peach/p/21313668001_KG?source=nspt", "brand": "President's Choice", "package_size": "", "unit_price": "$11.00/1kg", "stock": "Out of Stock", "points": "", "date_scraped": "2024-07-03T13:48:09.561012", "product_id": "c0b5f0e2e4d8d88ae09d480d5c1bf8aa", "organic": false},
{"store": "loblaws", "category": "Fresh Fruits", "name": "Hami Melons", "price": "about $12.82", "sale_price": "", "previous_price": "", "image_url": "https://assets.shop.loblaws.ca/products/21051297001/b3/en/front/21051297001_front_a06_@2.png", "link": "https://www.loblaws.ca/hami-melons/p/21051297001_KG?source=nspt", "brand": "", "package_size": "$4.39/1kg", "unit_price": "$1.99/1lb", "stock": "In stock", "points": "", "date_scraped": "2024-07-03T13:48:09.563126", "product_id": "bd470d1a8687a77f53dd653ba30e42b2", "organic": false},
{"store": "loblaws", "category": "Fresh Vegetables", "name": "Coloured Carrots", "price": "$4.99", "sale_price": "", "previous_price": "", "image_url": "https://assets.shop.loblaws.ca/products/20997816001/b3/en/front/20997816001_front_a06_@2.png", "link": "https://www.loblaws.ca/coloured-carrots/p/20997816001_EA?source=nspt", "brand": "", "package_size": "454 g", "unit_price": "$1.10/100g", "stock": "In stock", "points": "", "date_scraped": "2024-07-03T13:48:09.563648", "product_id": "85c213475f23195d6364cdafd4062e29", "organic": false},
{"store": "loblaws", "category": "Fresh Vegetables", "name": "Organic Butternut Squash", "price": "about $9.36", "sale_price": "", "previous_price": "", "image_url": "https://assets.shop.loblaws.ca/products/20051060001/b3/en/front/20051060001_front_a06_@2.png", "link": "https://www.loblaws.ca/organic-butternut-squash/p/20051060001_KG?source=nspt", "brand": "", "package_size": "$6.59/1kg", "unit_price": "$2.99/1lb", "stock": "In stock", "points": "", "date_scraped": "2024-07-03T13:48:09.566473", "product_id": "61514c22c0678d434d70d31ade10596b", "organic": true},
{"store": "loblaws", "category": "Fresh Vegetables", "name": "Pearl Onion", "price": "$3.99", "sale_price": "", "previous_price": "", "image_url": "https://assets.shop.loblaws.ca/products/21083917001/b3/en/front/21083917001_front_a06_@2.png", "link": "https://www.loblaws.ca/pearl-onion/p/21083917001_EA?source=nspt", "brand": "", "package_size": "250 g", "unit_price": "$1.60/100g", "stock": "In stock", "points": "", "date_scraped": "2024-07-03T13:48:09.569096", "product_id": "cbb285bdbbdc679fa64cdc83e47f00cf", "organic": false},
{"store": "loblaws", "category": "Fresh Vegetables", "name": "Beta Sweet Carrots", "price": "$5.99", "sale_price": "", "previous_price": "", "image_url": "https://assets.shop.loblaws.ca/products/20536191/b3/en/front/20536191_front_a06_@2.png", "link": "https://www.loblaws.ca/beta-sweet-carrots/p/20536191_EA?source=nspt", "brand": "", "package_size": "1 bunch", "unit_price": "$5.99/1ea", "stock": "Out of Stock", "points": "", "date_scraped": "2024-07-03T13:48:09.571102", "product_id": "e5f5ea276391a23797a9e18e7fd2b3df", "organic": false},
{"store": "loblaws", "category": "Fresh Vegetables", "name": "Red Beets, Bunched", "price": "$4.99", "sale_price": "", "previous_price": "", "image_url": "https://assets.shop.loblaws.ca/products/20174607001/b3/en/front/20174607001_front_a06_@2.png", "link": "https://www.loblaws.ca/red-beets-bunched/p/20174607001_EA?source=nspt", "brand": "", "package_size": "1 bunch", "unit_price": "$4.99/1ea", "stock": "In stock", "points": "", "date_scraped": "2024-07-03T13:48:09.573672", "product_id": "1fb77603049a8745660cb2ea938b43ed", "organic": false},
{"store": "loblaws", "category": "Fresh Fruits", "name": "Cactus Pears 12X4ct ", "price": "$3.99", "sale_price": "", "previous_price": "", "image_url": "https://assets.shop.loblaws.ca/products/21121511001/b3/en/front/21121511001_front_a06_@2.png", "link": "https://www.loblaws.ca/cactus-pears-12x4ct/p/21121511001_EA?source=nspt", "brand": "", "package_size": "4x1.0 ea", "unit_price": "$1.00/1ea", "stock": "Out of Stock", "points": "", "date_scraped": "2024-07-03T13:48:09.576291", "product_id": "19a444363bd7eceb31a35fd6897af0cd", "organic": false},
{"store": "loblaws", "category": "Fresh Fruits", "name": "Fresh Coconut Young", "price": "$3.99", "sale_price": "", "previous_price": "", "image_url": "https://assets.shop.loblaws.ca/products/20157487001/b3/en/front/20157487001_front_a06_@2.png", "link": "https://www.loblaws.ca/fresh-coconut-young/p/20157487001_EA?source=nspt", "brand": "", "package_size": "1 ea", "unit_price": "$3.99/1ea", "stock": "Low Stock", "points": "", "date_scraped": "2024-07-03T13:48:09.578397", "product_id": "4f990d9170564991702da20f7531a60a", "organic": false},
{"store": "loblaws", "category": "Fresh Fruits", "name": "Gala Apples, 3 lb Bag", "price": "$8.99", "sale_price": "", "previous_price": "", "image_url": "https://assets.shop.loblaws.ca/products/20606349001/b3/en/front/20606349001_front_a06_@2.png", "link": "https://www.loblaws.ca/gala-apples-3-lb-bag/p/20606349001_EA?source=nspt", "brand": "PC Organics", "package_size": "1.36 kg", "unit_price": "$0.66/100g", "stock": "In stock", "points": "", "date_scraped": "2024-07-03T13:48:09.579955", "product_id": "8517d7c6ab8f9912f8029c89894922e1", "organic": false},
{"store": "loblaws", "category": "Fresh Fruits", "name": "Honeydew Melon", "price": "$6.99", "sale_price": "", "previous_price": "", "image_url": "https://assets.shop.loblaws.ca/products/20045276001/b3/en/front/20045276001_front_a06_@2.png", "link": "https://www.loblaws.ca/honeydew-melon/p/20045276001_EA?source=nspt", "brand": "", "package_size": "1 ea", "unit_price": "$6.99/1ea", "stock": "In stock", "points": "", "date_scraped": "2024-07-03T13:48:09.582031", "product_id": "fd10a16e8aca6b49d943f1f45746754c", "organic": false},
{"store": "loblaws", "category": "Fresh Fruits", "name": "Pomegranate", "price": "$3.99", "sale_price": "", "previous_price": "", "image_url": "https://assets.shop.loblaws.ca/products/20134767001/b3/en/front/20134767001_front_a06_@2.png", "link": "https://www.loblaws.ca/pomegranate/p/20134767001_EA?source=nspt", "brand": "", "package_size": "1 ea", "unit_price": "$3.99/1ea", "stock": "In stock", "points": "", "date_scraped": "2024-07-03T13:48:09.584135", "product_id": "63eeede1df2c7312ba6e8bb47c534fd1", "organic": false},
{"store": "loblaws", "category": "Fresh Fruits", "name": "Honeycrisp Apples 3Lb Bag", "price": "$10.99", "sale_price": "", "previous_price": "", "image_url": "https://assets.shop.loblaws.ca/products/21074888001/b3/en/front/21074888001_front_a06_@2.png", "link": "https://www.loblaws.ca/honeycrisp-apples-3lb-bag/p/21074888001_EA?source=nspt", "brand": "PC Organics", "package_size": "1.36 kg", "unit_price": "$0.81/100g", "stock": "In stock", "points": "", "date_scraped": "2024-07-03T13:48:09.585692", "product_id": "02c9ea50b3d6bb8c8385e2b7a8ec70f7", "organic": false},
{"store": "loblaws", "category": "Fresh Vegetables", "name": "Celery Hearts", "price": "$3.99", "sale_price": "", "previous_price": "", "image_url": "https://assets.shop.loblaws.ca/products/20100770001/b3/en/front/20100770001_front_a06_@2.png", "link": "https://www.loblaws.ca/celery-hearts/p/20100770001_EA?source=nspt", "brand": "", "package_size": "2 pack", "unit_price": "$2.00/1ea", "stock": "In stock", "points": "", "date_scraped": "2024-07-03T13:48:09.588303", "product_id": "d582423c2bc9ae7e8e5ffa0ab7045370", "organic": false},
{"store": "loblaws", "category": "Fresh Vegetables", "name": "Radicchio Treviso", "price": "$13.21", "sale_price": "", "previous_price": "", "image_url": "https://assets.shop.loblaws.ca/products/21456117001/b3/en/front/21456117001_front_a06_@2.png", "link": "https://www.loblaws.ca/radicchio-treviso/p/21456117001_KG?source=nspt", "brand": "", "package_size": "", "unit_price": "$1.32/100g", "stock": "Low Stock", "points": "", "date_scraped": "2024-07-03T13:48:09.590400", "product_id": "9c0b6ff396283c19bcc425aeb0b721a6", "organic": false},
{"store": "loblaws", "category": "Fresh Vegetables", "name": "Baby Bok Choy Jr", "price": "about $5.15", "sale_price": "", "previous_price": "", "image_url": "https://assets.shop.loblaws.ca/products/20099639001/b3/en/front/20099639001_front_a06_@2.png", "link": "https://www.loblaws.ca/baby-bok-choy-jr/p/20099639001_KG?source=nspt", "brand": "", "package_size": "$7.69/1kg", "unit_price": "$3.49/1lb", "stock": "In stock", "points": "", "date_scraped": "2024-07-03T13:48:09.591956", "product_id": "47c625e0ba6e738d1960dbaacd95b28e", "organic": false},
{"store": "loblaws", "category": "Fresh Vegetables", "name": "Organic English Cucumber", "price": "$2.99", "sale_price": "", "previous_price": "", "image_url": "https://assets.shop.loblaws.ca/products/20080489001/b3/en/front/20080489001_front_a06_@2.png", "link": "https://www.loblaws.ca/organic-english-cucumber/p/20080489001_EA?source=nspt", "brand": "", "package_size": "1 ea", "unit_price": "$2.99/1ea", "stock": "In stock", "points": "", "date_scraped": "2024-07-03T13:48:09.593513", "product_id": "06068f97011f186364f734dc36287c7b", "organic": true},
{"store": "loblaws", "category": "Fresh Vegetables", "name": "Organic Cucumber Mini", "price": "$5.49", "sale_price": "", "previous_price": "", "image_url": "https://assets.shop.loblaws.ca/products/20935931001/b3/en/front/20935931001_front_a06_@2.png", "link": "https://www.loblaws.ca/organic-cucumber-mini/p/20935931001_EA?source=nspt", "brand": "PC Organics", "package_size": "342 g", "unit_price": "$0.92/1ea", "stock": "In stock", "points": "", "date_scraped": "2024-07-03T13:48:09.595069", "product_id": "c49ab95f9b5b246d52a8f50fa9066f60", "organic": true},
{"store": "loblaws", "category": "Fresh Vegetables", "name": "Tomato On The Vine Red (1 Bunch)", "price": "about $6.34", "sale_price": "", "previous_price": "", "image_url": "https://assets.shop.loblaws.ca/products/20127917001/b3/en/front/20127917001_front_a06_@2.png", "link": "https://www.loblaws.ca/tomato-on-the-vine-red-1-bunch/p/20127917001_KG?source=nspt", "brand": "PC Organics", "package_size": "$8.80/1kg", "unit_price": "$3.99/1lb", "stock": "Low Stock", "points": "", "date_scraped": "2024-07-03T13:48:09.596686", "product_id": "754a3c343e0a92ccf1ed8cbaf2e4312c", "organic": false},
{"store": "loblaws", "category": "Deli Meat", "name": "Country Store Pepperoni Mild", "price": "$4.99", "sale_price": "", "previous_price": "", "image_url": "https://assets.shop.loblaws.ca/products/21087083/b3/en/front/21087083_front_a06_@2.png", "link": "https://www.loblaws.ca/country-store-pepperoni-mild/p/21087083_EA?source=nspt", "brand": "Noah Martin", "package_size": "75 g", "unit_price": "$6.65/100g", "stock": "In stock", "points": "", "date_scraped": "2024-07-03T13:48:09.605257", "product_id": "8c205b3d6b7e40f1542e3c7b8df461e9", "organic": false},
{"store": "loblaws", "category": "Deli Meat", "name": "Free From Pepperello", "price": "$13.99", "sale_price": "", "previous_price": "", "image_url": "https://assets.shop.loblaws.ca/products/20682944/b3/en/front/20682944_front_a06_@2.png", "link": "https://www.loblaws.ca/free-from-pepperello/p/20682944_EA?source=nspt", "brand": "President's Choice", "package_size": "375 g", "unit_price": "$37.31/1kg $3.73/100g", "stock": "In stock", "points": "", "date_scraped": "2024-07-03T13:48:09.607274", "product_id": "3efd75572354a521b29d30bbb16d2e52", "organic": false},
{"store": "loblaws", "category": "Fresh Fruits", "name": "Cherries", "price": "$5.99", "sale_price": "", "previous_price": "", "image_url": "https://assets.shop.loblaws.ca/products/20117362001/b3/en/front/20117362001_front_a06_@2.png", "link": "https://www.loblaws.ca/cherries/p/20117362001_EA?source=nspt", "brand": "", "package_size": "454 g", "unit_price": "$1.32/100g", "stock": "In stock", "points": "", "date_scraped": "2024-07-03T13:48:09.609946", "product_id": "63a80556da21446c84db57d79beb5559", "organic": false},
{"store": "loblaws", "category": "Fresh Fruits", "name": "Avocado Case", "price": "$12.99", "sale_price": "", "previous_price": "", "image_url": "https://assets.shop.loblaws.ca/products/21208233001/b3/en/front/21208233001_front_a06_@2.png", "link": "https://www.loblaws.ca/avocado-case/p/21208233001_EA?source=nspt", "brand": "", "package_size": "2 kg", "unit_price": "$0.65/100g", "stock": "Out of Stock", "points": "", "date_scraped": "2024-07-03T13:48:09.613476", "product_id": "43081c28b1fcca2ff1ebb02be358d4f5", "organic": false},
{"store": "loblaws", "category": "Fresh Fruits", "name": "Nectarines", "price": "about $1.54", "sale_price": "", "previous_price": "", "image_url": "https://assets.shop.loblaws.ca/products/20319426001/b3/en/front/20319426001_front_a06_@2.png", "link": "https://www.loblaws.ca/nectarines/p/20319426001_KG?source=nspt", "brand": "", "package_size": "$11.00/1kg", "unit_price": "$4.99/1lb", "stock": "In stock", "points": "", "date_scraped": "2024-07-03T13:48:09.617835", "product_id": "9c83456babbe176c94c781fc0a83fc27", "organic": false},
{"store": "loblaws", "category": "Fresh Vegetables", "name": "Mixed Little Gems", "price": "$4.99", "sale_price": "", "previous_price": "", "image_url": "https://assets.shop.loblaws.ca/products/21247301001/b3/en/front/21247301001_front_a06_@2.png", "link": "https://www.loblaws.ca/mixed-little-gems/p/21247301001_EA?source=nspt", "brand": "President's Choice", "package_size": "0.68 kg", "unit_price": "$0.73/100g", "stock": "In stock", "points": "", "date_scraped": "2024-07-03T13:48:09.621006", "product_id": "99e2efecc7a67ec734b69bd4c4cf2225", "organic": false},
{"store": "loblaws", "category": "Fresh Vegetables", "name": "Jamaican Sweet Potatoes", "price": "about $6.16", "sale_price": "", "previous_price": "", "image_url": "https://assets.shop.loblaws.ca/products/20130919001/b3/en/front/20130919001_front_a06_@2.png", "link": "https://www.loblaws.ca/jamaican-sweet-potatoes/p/20130919001_KG?source=nspt", "brand": "", "package_size": "$15.41/1kg", "unit_price": "$6.99/1lb", "stock": "In stock", "points": "", "date_scraped": "2024-07-03T13:48:09.624013", "product_id": "3e586264f344f3a5333b419c709e5071", "organic": false},
{"store": "loblaws", "category": "Fresh Vegetables", "name": "Pink Oyster Mushroom", "price": "$8.99", "sale_price": "", "previous_price": "", "image_url": "https://assets.shop.loblaws.ca/products/21518589/b3/en/front/21518589_front_a06_@2.png", "link": "https://www.loblaws.ca/pink-oyster-mushroom/p/21518589_EA?source=nspt", "brand": "", "package_size": "200 g", "unit_price": "$4,495.00/100g", "stock": "Low Stock", "points": "", "date_scraped": "2024-07-03T13:48:09.628628", "product_id": "62a99776b9bec3eb424310931001d691", "organic": false},
{"store": "loblaws", "category": "Deli Meat", "name": "Dry Cured Sausage Snacks Smoking Sweet Bbq", "price": "$3.99", "sale_price": "", "previous_price": "", "image_url": "https://assets.shop.loblaws.ca/products/21562734/b3/en/front/21562734_front_a06_@2.png", "link": "https://www.loblaws.ca/dry-cured-sausage-snacks-smoking-sweet-bbq/p/21562734_EA?source=nspt", "brand": "Pillers", "package_size": "75 g", "unit_price": "$5.32/100g", "stock": "Out of Stock", "points": "", "date_scraped": "2024-07-03T13:48:09.630632", "product_id": "660c15036929a24ec50fac2efa21b547", "organic": false},
{"store": "loblaws", "category": "Deli Meat", "name": "Head Cheese", "price": "$2.19", "sale_price": "", "previous_price": "", "image_url": "https://assets.shop.loblaws.ca/products/20995628/b3/en/front/20995628_front_a06_@2.png", "link": "https://www.loblaws.ca/head-cheese/p/20995628_KG?source=nspt", "brand": "Sikorski Sausages", "package_size": "", "unit_price": "$21.90/1kg", "stock": "In stock", "points": "", "date_scraped": "2024-07-03T13:48:09.632357", "product_id": "7d54c6ea979695f555a13bd2680292f0", "organic": false},
{"store": "loblaws", "category": "Deli Meat", "name": "Dry Cured Sausage Snacks Sensational Sour Cream & Onion", "price": "$3.99", "sale_price": "", "previous_price": "", "image_url": "https://assets.shop.loblaws.ca/products/21562735/b3/en/front/21562735_front_a06_@2.png", "link": "https://www.loblaws.ca/dry-cured-sausage-snacks-sensational-sour-cream-on/p/21562735_EA?source=nspt", "brand": "Pillers", "package_size": "75 g", "unit_price": "$5.32/100g", "stock": "Out of Stock", "points": "", "date_scraped": "2024-07-03T13:48:09.633408", "product_id": "ed9543cae77ffb6f727227b96f27dc64", "organic": false},
{"store": "loblaws", "category": "Deli Meat", "name": "Kabanos Sausage", "price": "$3.49", "sale_price": "", "previous_price": "", "image_url": "https://assets.shop.loblaws.ca/products/20996145/b3/en/front/20996145_front_a06_@2.png", "link": "https://www.loblaws.ca/kabanos-sausage/p/20996145_KG?source=nspt", "brand": "Sikorski Sausages", "package_size": "", "unit_price": "$34.90/1kg", "stock": "In stock", "points": "", "date_scraped": "2024-07-03T13:48:09.633930", "product_id": "f587a5566e30d37ea68ae451c5abac6e", "organic": false},
{"store": "loblaws", "category": "Deli Meat", "name": "Pepperoni Original Cup & Char Style", "price": "$8.49", "sale_price": "", "previous_price": "", "image_url": "https://assets.shop.loblaws.ca/products/21607082/b3/en/front/21607082_front_a06_@2.png", "link": "https://www.loblaws.ca/pepperoni-original-cup-char-style/p/21607082_EA?source=nspt", "brand": "Venetian", "package_size": "300 g", "unit_price": "$2.83/100g", "stock": "In stock", "points": "", "date_scraped": "2024-07-03T13:48:09.636872", "product_id": "6b4ac7e51039f6940eec0ac06a4f027e", "organic": false},
{"store": "loblaws", "category": "Deli Meat", "name": "Double Smoked Bacon", "price": "$3.19", "sale_price": "", "previous_price": "", "image_url": "https://assets.shop.loblaws.ca/products/20996153/b3/en/front/20996153_front_a06_@2.png", "link": "https://www.loblaws.ca/double-smoked-bacon/p/20996153_KG?source=nspt", "brand": "Sikorski Sausages", "package_size": "", "unit_price": "$31.90/1kg", "stock": "In stock", "points": "", "date_scraped": "2024-07-03T13:48:09.639487", "product_id": "143990e708c8e821edfd932f1892b1cd", "organic": false},
{"store": "loblaws", "category": "Fresh Fruits", "name": "Golden Delicious Apples", "price": "about $1.45", "sale_price": "", "previous_price": "", "image_url": "https://assets.shop.loblaws.ca/products/20430790001/b3/en/front/20430790001_front_a06_@2.png", "link": "https://www.loblaws.ca/golden-delicious-apples/p/20430790001_KG?source=nspt", "brand": "", "package_size": "$6.59/1kg", "unit_price": "$2.99/1lb", "stock": "In stock", "points": "", "date_scraped": "2024-07-03T13:48:09.642495", "product_id": "c319d6040d0c4b9244435a139598fd72", "organic": false},
{"store": "loblaws", "category": "Fresh Fruits", "name": "Gourmet Rainier Cherries", "price": "about $11.01", "sale_price": "", "previous_price": "", "image_url": "https://assets.shop.loblaws.ca/products/20161181001/b3/en/front/20161181001_front_a06_@2.png", "link": "https://www.loblaws.ca/gourmet-rainier-cherries/p/20161181001_KG?source=nspt", "brand": "", "package_size": "$22.02/1kg", "unit_price": "$9.99/1lb", "stock": "Out of Stock", "points": "", "date_scraped": "2024-07-03T13:48:09.644921", "product_id": "650c721f8fe9b109b9156facf7cc367c", "organic": false},
{"store": "loblaws", "category": "Fresh Fruits", "name": "Manzano Bananas, Bunch", "price": "about $4.21", "sale_price": "", "previous_price": "", "image_url": "https://assets.shop.loblaws.ca/products/20649591001/b3/en/front/20649591001_front_a06_@2.png", "link": "https://www.loblaws.ca/manzano-bananas-bunch/p/20649591001_KG?source=nspt", "brand": "", "package_size": "$4.39/1kg", "unit_price": "$1.99/1lb", "stock": "Out of Stock", "points": "", "date_scraped": "2024-07-03T13:48:09.647021", "product_id": "dda8954c2aa28c13f325b4011dc4ea7e", "organic": false},
{"store": "loblaws", "category": "Fresh Fruits", "name": "Mango Red 3Ct", "price": "$4.99", "sale_price": "", "previous_price": "", "image_url": "https://assets.shop.loblaws.ca/products/21387721001/b3/en/front/21387721001_front_a06_@2.png", "link": "https://www.loblaws.ca/mango-red-3ct/p/21387721001_EA?source=nspt", "brand": "Farmer's Market", "package_size": "3 ea", "unit_price": "$1.66/1ea", "stock": "In stock", "points": "", "date_scraped": "2024-07-03T13:48:09.648544", "product_id": "487334c5f601e967e7c73a7f2efad3a7", "organic": false},
{"store": "loblaws", "category": "Fresh Fruits", "name": "Plum ", "price": "$9.99", "sale_price": "", "previous_price": "", "image_url": "https://assets.shop.loblaws.ca/products/21312582001/b3/en/front/21312582001_front_a06_@2.png", "link": "https://www.loblaws.ca/plum/p/21312582001_EA?source=nspt", "brand": "PC Organics", "package_size": "907 g", "unit_price": "$1.10/100g", "stock": "Out of Stock", "points": "", "date_scraped": "2024-07-03T13:48:09.650770", "product_id": "6f95414b28cdfc30a924406804c44b44", "organic": false},
{"store": "loblaws", "category": "Fresh Vegetables", "name": "Bluefoot Mushrooms", "price": "$1.93", "sale_price": "", "previous_price": "", "image_url": "https://assets.shop.loblaws.ca/products/20760903/b3/en/front/20760903_front_a06_@2.png", "link": "https://www.loblaws.ca/bluefoot-mushrooms/p/20760903_KG?source=nspt", "brand": "", "package_size": "$7.70/100g", "unit_price": "$77.03/1kg", "stock": "Out of Stock", "points": "", "date_scraped": "2024-07-03T13:48:09.653377", "product_id": "3471f82b0c6d047fc967023898709ba6", "organic": false},
{"store": "loblaws", "category": "Fresh Vegetables", "name": "Bi-Colour Corn", "price": "$5.99", "sale_price": "", "previous_price": "", "image_url": "https://assets.shop.loblaws.ca/products/20099629/b3/en/front/20099629_front_a06_@2.png", "link": "https://www.loblaws.ca/bi-colour-corn/p/20099629_EA?source=nspt", "brand": "", "package_size": "5 pack", "unit_price": "$5.99/1ea", "stock": "Out of Stock", "points": "", "date_scraped": "2024-07-03T13:48:09.654891", "product_id": "64e372b87450c3331e143fcd04ae95d6", "organic": false},
{"store": "loblaws", "category": "Fresh Vegetables", "name": "Organic Garlic", "price": "$3.99", "sale_price": "", "previous_price": "", "image_url": "https://assets.shop.loblaws.ca/products/20717130001/b3/en/front/20717130001_front_a06_@2.png", "link": "https://www.loblaws.ca/organic-garlic/p/20717130001_EA?source=nspt", "brand": "PC Organics", "package_size": "115 g", "unit_price": "$3.47/100g", "stock": "In stock", "points": "", "date_scraped": "2024-07-03T13:48:09.656708", "product_id": "a2fbb021d3fd5464c943023c192c7679", "organic": true},
{"store": "loblaws", "category": "Fresh Vegetables", "name": "Whole Button Cremini Mushrooms", "price": "$3.99", "sale_price": "", "previous_price": "", "image_url": "https://assets.shop.loblaws.ca/products/21245220/b3/en/front/21245220_front_a06_@2.png", "link": "https://www.loblaws.ca/whole-button-cremini-mushrooms/p/21245220_EA?source=nspt", "brand": "PC Organics", "package_size": "227 g", "unit_price": "$1.76/100g", "stock": "In stock", "points": "", "date_scraped": "2024-07-03T13:48:09.658280", "product_id": "1386bbe85b47042edb1e112e548c9351", "organic": false},
{"store": "loblaws", "category": "Fresh Vegetables", "name": "Chinese Broccoli (gai lan)", "price": "about $3.35", "sale_price": "", "previous_price": "", "image_url": "https://assets.shop.loblaws.ca/products/20003604001/b3/en/front/20003604001_front_a06_@2.png", "link": "https://www.loblaws.ca/chinese-broccoli-gai-lan/p/20003604001_KG?source=nspt", "brand": "", "package_size": "$5.49/1kg", "unit_price": "$2.49/1lb", "stock": "In stock", "points": "", "date_scraped": "2024-07-03T13:48:09.660289", "product_id": "3ba50381a1d4aea56716c9209a4d94d1", "organic": false},
{"store": "loblaws", "category": "Fresh Vegetables", "name": "Grape Tomatoes", "price": "$4.99", "sale_price": "", "previous_price": "", "image_url": "https://assets.shop.loblaws.ca/products/20799491001/b3/en/front/20799491001_front_a06_@2.png", "link": "https://www.loblaws.ca/grape-tomatoes/p/20799491001_EA?source=nspt", "brand": "PC Organics", "package_size": "255 g", "unit_price": "$1.96/100g", "stock": "In stock", "points": "", "date_scraped": "2024-07-03T13:48:09.661744", "product_id": "7e1eed00c363e995a118104592dbe126", "organic": false},
{"store": "loblaws", "category": "Deli Meat", "name": "Smoke House Naturally Smoked Pepperoni Hot & Spicy", "price": "$6.00", "sale_price": "", "previous_price": "", "image_url": "https://assets.shop.loblaws.ca/products/21507918/b3/en/front/21507918_front_a06_@2.png", "link": "https://www.loblaws.ca/smoke-house-naturally-smoked-pepperoni-hot-spicy/p/21507918_EA?source=nspt", "brand": "Gold Label", "package_size": "225 g", "unit_price": "$2.67/100g", "stock": "In stock", "points": "", "date_scraped": "2024-07-03T13:48:09.663323", "product_id": "3a88818cf86993c8d3312f3527efc58e", "organic": false},
{"store": "loblaws", "category": "Deli Meat", "name": "Dry Cured Sausage Snacks Dill-Icious Pickle", "price": "$3.99", "sale_price": "", "previous_price": "", "image_url": "https://assets.shop.loblaws.ca/products/21560312/b3/en/front/21560312_front_a06_@2.png", "link": "https://www.loblaws.ca/dry-cured-sausage-snacks-dill-icious-pickle/p/21560312_EA?source=nspt", "brand": "Pillers", "package_size": "75 g", "unit_price": "$5.32/100g", "stock": "Out of Stock", "points": "", "date_scraped": "2024-07-03T13:48:09.664839", "product_id": "35006365267facb784c34bb543cd1f21", "organic": false},
{"store": "loblaws", "category": "Deli Meat", "name": "Dry Hungarian Sausage", "price": "$3.99", "sale_price": "", "previous_price": "", "image_url": "https://assets.shop.loblaws.ca/products/20995629/b3/en/front/20995629_front_a06_@2.png", "link": "https://www.loblaws.ca/dry-hungarian-sausage/p/20995629_KG?source=nspt", "brand": "Sikorski Sausages", "package_size": "", "unit_price": "$39.90/1kg", "stock": "In stock", "points": "", "date_scraped": "2024-07-03T13:48:09.666151", "product_id": "bdc7bd03aea6a75a8866b8d1fdbe493e", "organic": false},
{"store": "loblaws", "category": "Deli Meat", "name": "Sikorski Pork Loin Single Smoked Sausage", "price": "$2.99", "sale_price": "", "previous_price": "", "image_url": "https://assets.shop.loblaws.ca/products/20996149/b3/en/front/20996149_front_a06_@2.png", "link": "https://www.loblaws.ca/sikorski-pork-loin-single-smoked-sausage/p/20996149_KG?source=nspt", "brand": "Sikorski Sausages", "package_size": "", "unit_price": "$29.90/1kg", "stock": "In stock", "points": "", "date_scraped": "2024-07-03T13:48:09.667742", "product_id": "576a1b5c11c9185f8aebe33726743541", "organic": false},
{"store": "loblaws", "category": "Deli Meat", "name": "Olive Pimento Loaf (Thin Sliced)", "price": "$2.89", "sale_price": "", "previous_price": "", "image_url": "https://assets.shop.loblaws.ca/products/20321309/b3/en/front/20321309_front_a06_@2.png", "link": "https://www.loblaws.ca/olive-pimento-loaf-thin-sliced/p/20321309_KG?source=nspt", "brand": "Brandt", "package_size": "", "unit_price": "$28.90/1kg", "stock": "In stock", "points": "", "date_scraped": "2024-07-03T13:48:09.668785", "product_id": "1ca9e854f91c5a289e8317e2a0d2cc9d", "organic": false},
{"store": "loblaws", "category": "Deli Meat", "name": "Country Store Pepperoni Minis Turkey", "price": "$7.99", "sale_price": "", "previous_price": "", "image_url": "https://assets.shop.loblaws.ca/products/21155939/b3/en/front/21155939_front_a06_@2.png", "link": "https://www.loblaws.ca/country-store-pepperoni-minis-turkey/p/21155939_EA?source=nspt", "brand": "Noah Martin", "package_size": "125 g", "unit_price": "$6.39/100g", "stock": "In stock", "points": "", "date_scraped": "2024-07-03T13:48:09.669793", "product_id": "79c45cbc20cdb2f4347635440dc4349d", "organic": false},
{"store": "loblaws", "category": "Fresh Fruits", "name": "Honeycrisp Apples, 4 lb Bag", "price": "$8.99", "sale_price": "", "previous_price": "", "image_url": "https://assets.shop.loblaws.ca/products/20723960001/b3/en/front/20723960001_front_a06_@2.png", "link": "https://www.loblaws.ca/honeycrisp-apples-4-lb-bag/p/20723960001_EA?source=nspt", "brand": "Farmer's Market", "package_size": "1.81 kg", "unit_price": "$0.50/100g", "stock": "In stock", "points": "", "date_scraped": "2024-07-03T13:48:09.673969", "product_id": "d2cacc7036385799fc48ed15003efdcc", "organic": false},
{"store": "loblaws", "category": "Fresh Fruits", "name": "Flavour Burst Sungold Golden Kiwi", "price": "$7.99", "sale_price": "", "previous_price": "", "image_url": "https://assets.shop.loblaws.ca/products/20985015001/b3/en/front/20985015001_front_a06_@2.png", "link": "https://www.loblaws.ca/flavour-burst-sungold-golden-kiwi/p/20985015001_EA?source=nspt", "brand": "", "package_size": "454 g", "unit_price": "$1.76/100g", "stock": "Out of Stock", "points": "", "date_scraped": "2024-07-03T13:48:09.676756", "product_id": "02d2fff101224c64ca3b3089ee50420e", "organic": false},
{"store": "loblaws", "category": "Fresh Fruits", "name": "Purple Passion Fruit", "price": "$6.00", "sale_price": "", "previous_price": "", "image_url": "https://assets.shop.loblaws.ca/products/21575820001/b3/en/front/21575820001_front_a06_@2.png", "link": "https://www.loblaws.ca/purple-passion-fruit/p/21575820001_EA?source=nspt", "brand": "President's Choice", "package_size": "1 ea", "unit_price": "$6.00/1ea", "stock": "In stock", "points": "", "date_scraped": "2024-07-03T13:48:09.679387", "product_id": "8f933503f3fbe3a6a39de131dbe37089", "organic": false},
{"store": "loblaws", "category": "Fresh Fruits", "name": "Caribbean Avocado", "price": "$3.99", "sale_price": "", "previous_price": "", "image_url": "https://assets.shop.loblaws.ca/products/20119760001/b3/en/front/20119760001_front_a06_@2.png", "link": "https://www.loblaws.ca/caribbean-avocado/p/20119760001_EA?source=nspt", "brand": "", "package_size": "1 ea", "unit_price": "$3.99/1ea", "stock": "Out of Stock", "points": "", "date_scraped": "2024-07-03T13:48:09.684198", "product_id": "12d65733a7206da8f6a6ee1eedb25f9b", "organic": false},
{"store": "loblaws", "category": "Fresh Vegetables", "name": "LoBok (Daikon Radish)", "price": "about $3.08", "sale_price": "", "previous_price": "", "image_url": "https://assets.shop.loblaws.ca/products/20082109001/b3/en/front/20082109001_front_a06_@2.png", "link": "https://www.loblaws.ca/lobok-daikon-radish/p/20082109001_KG?source=nspt", "brand": "", "package_size": "$3.28/1kg", "unit_price": "$1.49/1lb", "stock": "In stock", "points": "", "date_scraped": "2024-07-03T13:48:09.687772", "product_id": "d5ffad5603e6d10d289909e1ef6df237", "organic": false},
{"store": "loblaws", "category": "Fresh Vegetables", "name": "Romaine Hearts", "price": "$8.99", "sale_price": "", "previous_price": "", "image_url": "https://assets.shop.loblaws.ca/products/20041478001/b3/en/front/20041478001_front_a06_@2.png", "link": "https://www.loblaws.ca/romaine-hearts/p/20041478001_EA?source=nspt", "brand": "", "package_size": "6 pack", "unit_price": "$1.50/1ea", "stock": "Out of Stock", "points": "", "date_scraped": "2024-07-03T13:48:09.691893", "product_id": "1859f6d020f364f1f2978612ceea1cc8", "organic": false},
{"store": "loblaws", "category": "Fresh Vegetables", "name": "Organics Whole Cremini Mushrooms", "price": "", "sale_price": "2 FOR $6.00", "previous_price": "", "image_url": "https://assets.shop.loblaws.ca/products/21021565/b3/en/front/21021565_front_a06_@2.png", "link": "https://www.loblaws.ca/organics-whole-cremini-mushrooms/p/21021565_EA?source=nspt", "brand": "PC Organics", "package_size": "227 g", "unit_price": "$1.54/100g", "stock": "In stock", "points": "", "date_scraped": "2024-07-03T13:48:09.695445", "product_id": "62fe494f8f5bdbd610928b69c0da25c6", "organic": true},
{"store": "loblaws", "category": "Fresh Fruits", "name": "Organic Bosc Pears", "price": "about $2.08", "sale_price": "", "previous_price": "", "image_url": "https://assets.shop.loblaws.ca/products/20104879001/b3/en/front/20104879001_front_a06_@2.png", "link": "https://www.loblaws.ca/organic-bosc-pears/p/20104879001_KG?source=nspt", "brand": "PC Organics", "package_size": "$9.90/1kg", "unit_price": "$4.49/1lb", "stock": "In stock", "points": "", "date_scraped": "2024-07-03T13:48:09.700387", "product_id": "771ba912e45ba7c5753b64f50cb073b7", "organic": true},
{"store": "loblaws", "category": "Fresh Fruits", "name": "Naturally Imperfect Lemons 3lb Bag", "price": "$6.99", "sale_price": "", "previous_price": "", "image_url": "https://assets.shop.loblaws.ca/products/21124487001/b3/en/front/21124487001_front_a06_@2.png", "link": "https://www.loblaws.ca/naturally-imperfect-lemons-3lb-bag/p/21124487001_EA?source=nspt", "brand": "No Name", "package_size": "1.36 kg", "unit_price": "$0.51/100g", "stock": "In stock", "points": "", "date_scraped": "2024-07-03T13:48:09.702482", "product_id": "4be6d142431bb36267f6cabe1652b42c", "organic": false},
{"store": "loblaws", "category": "Fresh Fruits", "name": "Blueberries", "price": "$8.99", "sale_price": "", "previous_price": "", "image_url": "https://assets.shop.loblaws.ca/products/20573077/b3/en/front/20573077_front_a06_@2.png", "link": "https://www.loblaws.ca/blueberries/p/20573077_EA?source=nspt", "brand": "President's Choice", "package_size": "277x278.0 g", "unit_price": "$3.25/100g", "stock": "In stock", "points": "", "date_scraped": "2024-07-03T13:48:09.704062", "product_id": "5cdc08963e2a2272cefae5c2c4758997", "organic": false},
{"store": "loblaws", "category": "Fresh Fruits", "name": "Yellow Asian Pears", "price": "about $2.11", "sale_price": "", "previous_price": "", "image_url": "https://assets.shop.loblaws.ca/products/20035618001/b3/en/front/20035618001_front_a06_@2.png", "link": "https://www.loblaws.ca/yellow-asian-pears/p/20035618001_KG?source=nspt", "brand": "", "package_size": "$6.59/1kg", "unit_price": "$2.99/1lb", "stock": "In stock", "points": "", "date_scraped": "2024-07-03T13:48:09.706152", "product_id": "e9f6996093308ddf4f870f3110a5b9e6", "organic": false},
{"store": "loblaws", "category": "Fresh Vegetables", "name": "Cubanelle Peppers", "price": "about $1.87", "sale_price": "", "previous_price": "", "image_url": "https://assets.shop.loblaws.ca/products/20049810001/b3/en/front/20049810001_front_a06_@2.png", "link": "https://www.loblaws.ca/cubanelle-peppers/p/20049810001_KG?source=nspt", "brand": "", "package_size": "$11.00/1kg", "unit_price": "$4.99/1lb", "stock": "In stock", "points": "", "date_scraped": "2024-07-03T13:48:09.708764", "product_id": "7346b32e5539fb8226f1dc47807e8866", "organic": false},
{"store": "loblaws", "category": "Fresh Vegetables", "name": "Onion Bulb, Bunch", "price": "$3.99", "sale_price": "", "previous_price": "", "image_url": "https://assets.shop.loblaws.ca/products/20156348001/b3/en/front/20156348001_front_a06_@2.png", "link": "https://www.loblaws.ca/onion-bulb-bunch/p/20156348001_EA?source=nspt", "brand": "", "package_size": "1 bunch", "unit_price": "$3.99/1ea", "stock": "Out of Stock", "points": "", "date_scraped": "2024-07-03T13:48:09.710858", "product_id": "0f916af951e2ab24c42a66229ed16b56", "organic": false},
{"store": "loblaws", "category": "Fresh Vegetables", "name": "Romaine Lettuce Hearts", "price": "$7.99", "sale_price": "", "previous_price": "", "image_url": "https://assets.shop.loblaws.ca/products/20599776001/b3/en/front/20599776001_front_a06_@2.png", "link": "https://www.loblaws.ca/romaine-lettuce-hearts/p/20599776001_EA?source=nspt", "brand": "PC Organics", "package_size": "3 ea", "unit_price": "$2.66/1ea", "stock": "In stock", "points": "", "date_scraped": "2024-07-03T13:48:09.714602", "product_id": "5a8ee2867f3e235b103584ae0e1a4a41", "organic": false},
{"store": "loblaws", "category": "Fresh Vegetables", "name": "Jamaican Pumpkin", "price": "about $6.59", "sale_price": "", "previous_price": "", "image_url": "https://assets.shop.loblaws.ca/products/20615981001/b3/en/front/20615981001_front_a06_@2.png", "link": "https://www.loblaws.ca/jamaican-pumpkin/p/20615981001_KG?source=nspt", "brand": "", "package_size": "$4.39/1kg", "unit_price": "$1.99/1lb", "stock": "In stock", "points": "", "date_scraped": "2024-07-03T13:48:09.718072", "product_id": "4ea8f531ca50870488d1147cee910556", "organic": false},
{"store": "loblaws", "category": "Fresh Fruits", "name": "Black Seedless Grapes", "price": "$9.99", "sale_price": "", "previous_price": "", "image_url": "https://assets.shop.loblaws.ca/products/20282624001/b3/en/front/20282624001_front_a06_@2.png", "link": "https://www.loblaws.ca/black-seedless-grapes/p/20282624001_EA?source=nspt", "brand": "PC Organics", "package_size": "907 g", "unit_price": "$1.10/100g", "stock": "Out of Stock", "points": "", "date_scraped": "2024-07-03T13:48:09.722122", "product_id": "7b715ad6e79ed5c01aaf185ab7260782", "organic": false},
{"store": "loblaws", "category": "Fresh Fruits", "name": "Granadilla", "price": "$1.99", "sale_price": "", "previous_price": "", "image_url": "https://assets.shop.loblaws.ca/products/20696626001/b3/en/front/20696626001_front_a06_@2.png", "link": "https://www.loblaws.ca/granadilla/p/20696626001_EA?source=nspt", "brand": "", "package_size": "1 ea", "unit_price": "$1.99/1ea", "stock": "Out of Stock", "points": "", "date_scraped": "2024-07-03T13:48:09.725695", "product_id": "b012d536a8340e8cadebbbe1a7927672", "organic": false},
{"store": "loblaws", "category": "Fresh Fruits", "name": "Red Anjou Pears", "price": "about $1.54", "sale_price": "", "previous_price": "", "image_url": "https://assets.shop.loblaws.ca/products/20287737001/b3/en/front/20287737001_front_a06_@2.png", "link": "https://www.loblaws.ca/red-anjou-pears/p/20287737001_KG?source=nspt", "brand": "", "package_size": "$6.59/1kg", "unit_price": "$2.99/1lb", "stock": "In stock", "points": "", "date_scraped": "2024-07-03T13:48:09.728708", "product_id": "e9749fb407c1134a669a9fba87d4fcbb", "organic": false},
{"store": "loblaws", "category": "Fresh Fruits", "name": "Navel Oranges Cara Cara, 3 lb Bag", "price": "$8.99", "sale_price": "", "previous_price": "", "image_url": "https://assets.shop.loblaws.ca/products/20697748001/b3/en/front/20697748001_front_a06_@2.png", "link": "https://www.loblaws.ca/navel-oranges-cara-cara-3-lb-bag/p/20697748001_EA?source=nspt", "brand": "President's Choice", "package_size": "1.36 kg", "unit_price": "$0.66/100g", "stock": "In stock", "points": "", "date_scraped": "2024-07-03T13:48:09.730836", "product_id": "5c7444e336d35d3956d2fa7d0cf941ea", "organic": false},
{"store": "loblaws", "category": "Fresh Vegetables", "name": "Live Lettuce Boston", "price": "$3.99", "sale_price": "", "previous_price": "", "image_url": "https://assets.shop.loblaws.ca/products/21212489/b3/en/front/21212489_front_a06_@2.png", "link": "https://www.loblaws.ca/live-lettuce-boston/p/21212489_EA?source=nspt", "brand": "President's Choice", "package_size": "1 ea", "unit_price": "$3.99/1ea", "stock": "In stock", "points": "", "date_scraped": "2024-07-03T13:48:09.733842", "product_id": "26feed636149f11d35d388a3e2c28c20", "organic": false},
{"store": "loblaws", "category": "Fresh Vegetables", "name": "Purple Eggplants", "price": "about $3.76", "sale_price": "", "previous_price": "", "image_url": "https://assets.shop.loblaws.ca/products/20155709001/b3/en/front/20155709001_front_a06_@2.png", "link": "https://www.loblaws.ca/purple-eggplants/p/20155709001_KG?source=nspt", "brand": "", "package_size": "$6.59/1kg", "unit_price": "$2.99/1lb", "stock": "In stock", "points": "", "date_scraped": "2024-07-03T13:48:09.737455", "product_id": "c979a04d8a02cbf09f43d7c964e7358a", "organic": false},
{"store": "loblaws", "category": "Fresh Vegetables", "name": "Flavor Bombs cherry tomatoes on the vine", "price": "$3.49", "sale_price": "", "previous_price": "", "image_url": "https://assets.shop.loblaws.ca/products/21247148001/b3/en/front/21247148001_front_a06_@2.png", "link": "https://www.loblaws.ca/flavor-bombs-cherry-tomatoes-on-the-vine/p/21247148001_EA?source=nspt", "brand": "", "package_size": "341 g", "unit_price": "$1.02/100g", "stock": "Low Stock", "points": "", "date_scraped": "2024-07-03T13:48:09.740464", "product_id": "0a56fda62b6c4ea38479ac19639b4ba9", "organic": false},
{"store": "loblaws", "category": "Fresh Vegetables", "name": "Organic Yellow Potatoes, 3 lb Bag", "price": "$6.99", "sale_price": "", "previous_price": "", "image_url": "https://assets.shop.loblaws.ca/products/20075900/b3/en/front/20075900_front_a06_@2.png", "link": "https://www.loblaws.ca/organic-yellow-potatoes-3-lb-bag/p/20075900_EA?source=nspt", "brand": "PC Organics", "package_size": "3 lb bag", "unit_price": "$0.51/100g", "stock": "In stock", "points": "", "date_scraped": "2024-07-03T13:48:09.743478", "product_id": "308d55b48e689e3ac695b58d6e0a4e15", "organic": true},
{"store": "loblaws", "category": "Fresh Fruits", "name": "Organic Kiwi", "price": "$5.99", "sale_price": "", "previous_price": "", "image_url": "https://assets.shop.loblaws.ca/products/21351670001/b3/en/front/21351670001_front_a06_@2.png", "link": "https://www.loblaws.ca/organic-kiwi/p/21351670001_EA?source=nspt", "brand": "", "package_size": "454 g", "unit_price": "$1.32/100g", "stock": "Out of Stock", "points": "", "date_scraped": "2024-07-03T13:48:09.746525", "product_id": "6ff230ac8a6dd6b1e2745b5e68cc73e2", "organic": true},
{"store": "loblaws", "category": "Fresh Vegetables", "name": "Finger Hot Hot Peppers", "price": "$4.99", "sale_price": "", "previous_price": "", "image_url": "https://assets.shop.loblaws.ca/products/21454748001/b3/en/front/21454748001_front_a06_@2.png", "link": "https://www.loblaws.ca/finger-hot-hot-peppers/p/21454748001_EA?source=nspt", "brand": "President's Choice", "package_size": "226 g", "unit_price": "$2.21/100g", "stock": "In stock", "points": "", "date_scraped": "2024-07-03T13:48:09.750116", "product_id": "9465bbd440b3d49f447ea6deae527992", "organic": false}
][

][
{"store": "loblaws", "category": "Fresh Vegetables", "name": "English Cucumber", "price": "", "sale_price": "$0.99", "previous_price": "$1.99", "image_url": "https://assets.shop.loblaws.ca/products/20070132001/b3/en/front/20070132001_front_a06_@2.png", "link": "https://www.loblaws.ca/english-cucumber/p/20070132001_EA?source=nspt", "brand": "", "package_size": "1 ea", "unit_price": "$0.99/1ea", "stock": "In stock", "points": "", "date_scraped": "2024-07-03T14:25:21.158737", "product_id": "f6de110bf5ac9656297ea07007c9e9cb", "organic": false},
{"store": "loblaws", "category": "Fresh Fruits", "name": "Bananas, Bunch", "price": "about $1.75", "sale_price": "", "previous_price": "", "image_url": "https://assets.shop.loblaws.ca/products/20175355001/b3/en/front/20175355001_front_a06_@2.png", "link": "https://www.loblaws.ca/bananas-bunch/p/20175355001_KG?source=nspt", "brand": "", "package_size": "$1.52/1kg", "unit_price": "$0.69/1lb", "stock": "In stock", "points": "", "date_scraped": "2024-07-03T14:25:21.174776", "product_id": "16b62c5dfcdc5450e8325a5ee05b30db", "organic": false},
{"store": "loblaws", "category": "Deli Meat", "name": "Pepperettes Sausage Sticks, European", "price": "$11.99", "sale_price": "", "previous_price": "", "image_url": "https://assets.shop.loblaws.ca/products/21196171/b3/en/front/21196171_front_a06_@2.png", "link": "https://www.loblaws.ca/pepperettes-sausage-sticks-european/p/21196171_EA?source=nspt", "brand": "Schneider", "package_size": "300 g", "unit_price": "$4.00/100g", "stock": "In stock", "points": "", "date_scraped": "2024-07-03T14:25:21.193317", "product_id": "bb4b1ea9a384c9e41b0a1e15170433c5", "organic": false},
{"store": "loblaws", "category": "Fresh Vegetables", "name": "Green Onion", "price": "$1.99", "sale_price": "", "previous_price": "", "image_url": "https://assets.shop.loblaws.ca/products/20107500001/b3/en/front/20107500001_front_a06_@2.png", "link": "https://www.loblaws.ca/green-onion/p/20107500001_EA?source=nspt", "brand": "", "package_size": "1 bunch", "unit_price": "$1.99/1ea", "stock": "In stock", "points": "", "date_scraped": "2024-07-03T14:25:21.195832", "product_id": "9b97dca39277cf17ce6dc76d04b1b973", "organic": false},
{"store": "loblaws", "category": "Fresh Vegetables", "name": "Tomato Beefsteak  Red", "price": "about $1.18", "sale_price": "", "previous_price": "", "image_url": "https://assets.shop.loblaws.ca/products/20426141001/b3/en/front/20426141001_front_a06_@2.png", "link": "https://www.loblaws.ca/tomato-beefsteak-red/p/20426141001_KG?source=nspt", "brand": "", "package_size": "$4.39/1kg", "unit_price": "$1.99/1lb", "stock": "In stock", "points": "", "date_scraped": "2024-07-03T14:25:21.199349", "product_id": "d72a1df4b6a1171e5d4795843ae891d4", "organic": false},
{"store": "loblaws", "category": "Fresh Vegetables", "name": "Tomato On The Vine Red (1 Bunch)", "price": "", "sale_price": "about $1.55", "previous_price": "$3.90", "image_url": "https://assets.shop.loblaws.ca/products/20026703001/b3/en/front/20026703001_front_a06_@2.png", "link": "https://www.loblaws.ca/tomato-on-the-vine-red-1-bunch/p/20026703001_KG?source=nspt", "brand": "", "package_size": "$2.18/1kg", "unit_price": "$0.99/1lb", "stock": "In stock", "points": "", "date_scraped": "2024-07-03T14:25:21.202345", "product_id": "f949e750425901c07a25a602afc6d662", "organic": false},
{"store": "loblaws", "category": "Fresh Vegetables", "name": "Romaine Heart, 3 Pack", "price": "", "sale_price": "$3.99", "previous_price": "$5.99", "image_url": "https://assets.shop.loblaws.ca/products/20067389001/b3/en/front/20067389001_front_a06_@2.png", "link": "https://www.loblaws.ca/romaine-heart-3-pack/p/20067389001_EA?source=nspt", "brand": "", "package_size": "3 pack", "unit_price": "$1.33/1ea", "stock": "In stock", "points": "", "date_scraped": "2024-07-03T14:25:21.204862", "product_id": "c519e36b1553370b14fa1f84e89dcb05", "organic": false},
{"store": "loblaws", "category": "Fresh Fruits", "name": "Red Seedless Watermelon", "price": "", "sale_price": "$3.99", "previous_price": "$6.99", "image_url": "https://assets.shop.loblaws.ca/products/20067326001/b3/en/front/20067326001_front_a06_@2.png", "link": "https://www.loblaws.ca/red-seedless-watermelon/p/20067326001_EA?source=nspt", "brand": "", "package_size": "1 ea", "unit_price": "$3.99/1ea", "stock": "In stock", "points": "", "date_scraped": "2024-07-03T14:25:21.207861", "product_id": "c12cf6b5db2aad8c195c9fbc7d20579f", "organic": false},
{"store": "loblaws", "category": "Fresh Fruits", "name": "Blueberries 1 pint", "price": "$3.99", "sale_price": "", "previous_price": "", "image_url": "https://assets.shop.loblaws.ca/products/20080137001/b3/en/front/20080137001_front_a06_@2.png", "link": "https://www.loblaws.ca/blueberries-1-pint/p/20080137001_EA?source=nspt", "brand": "", "package_size": "340 g", "unit_price": "$1.17/100g", "stock": "In stock", "points": "", "date_scraped": "2024-07-03T14:25:21.210470", "product_id": "0dac3a20227b92ba804895aedcb4fc82", "organic": false},
{"store": "loblaws", "category": "Fresh Fruits", "name": "Red Cherries", "price": "about $11.76", "sale_price": "", "previous_price": "", "image_url": "https://assets.shop.loblaws.ca/products/20159690001/b3/en/front/20159690001_front_a06_@2.png", "link": "https://www.loblaws.ca/red-cherries/p/20159690001_KG?source=nspt", "brand": "", "package_size": "$13.21/1kg", "unit_price": "$5.99/1lb", "stock": "In stock", "points": "", "date_scraped": "2024-07-03T14:25:21.212003", "product_id": "8b0ea9bec5d822dfb5fcf59cfefbd821", "organic": false},
{"store": "loblaws", "category": "Fresh Fruits", "name": "Lemon", "price": "$0.99", "sale_price": "", "previous_price": "", "image_url": "https://assets.shop.loblaws.ca/products/20028593001/b3/en/front/20028593001_front_a06_@2.png", "link": "https://www.loblaws.ca/lemon/p/20028593001_EA?source=nspt", "brand": "", "package_size": "1 ea", "unit_price": "$0.99/1ea", "stock": "In stock", "points": "", "date_scraped": "2024-07-03T14:25:21.214164", "product_id": "cca74346fa214922e47457511a262fd0", "organic": false},
{"store": "loblaws", "category": "Fresh Fruits", "name": "Avocados Bag, 5-Pack", "price": "$3.99", "sale_price": "", "previous_price": "", "image_url": "https://assets.shop.loblaws.ca/products/20142232001/b3/en/front/20142232001_front_a06_@2.png", "link": "https://www.loblaws.ca/avocados-bag-5-pack/p/20142232001_EA?source=nspt", "brand": "", "package_size": "1 ea", "unit_price": "$0.80/1ea", "stock": "In stock", "points": "", "date_scraped": "2024-07-03T14:25:21.215214", "product_id": "ab30a4a6acbabe4333ec0d431993c2d7", "organic": false},
{"store": "loblaws", "category": "Fresh Fruits", "name": "Extra Large Red Seedless Grapes", "price": "about $8.71", "sale_price": "", "previous_price": "", "image_url": "https://assets.shop.loblaws.ca/products/20159199001/b3/en/front/20159199001_front_a06_@2.png", "link": "https://www.loblaws.ca/extra-large-red-seedless-grapes/p/20159199001_KG?source=nspt", "brand": "", "package_size": "$8.80/1kg", "unit_price": "$3.99/1lb", "stock": "In stock", "points": "", "date_scraped": "2024-07-03T14:25:21.217011", "product_id": "50ec3503a586aaea75324d74a35c8d00", "organic": false},
{"store": "loblaws", "category": "Deli Meat", "name": "Pizzeria Style Pepperoni", "price": "$4.99", "sale_price": "", "previous_price": "", "image_url": "https://assets.shop.loblaws.ca/products/21464136/b3/en/front/21464136_front_a06_@2.png", "link": "https://www.loblaws.ca/pizzeria-style-pepperoni/p/21464136_EA?source=nspt", "brand": "President's Choice", "package_size": "150 g", "unit_price": "$3.33/100g", "stock": "In stock", "points": "", "date_scraped": "2024-07-03T14:25:21.219674", "product_id": "6f79f0592e8c08773b68b5061da7b5ad", "organic": false},
{"store": "loblaws", "category": "Deli Meat", "name": "Pepperettes Sausage Sticks, Original", "price": "$11.99", "sale_price": "", "previous_price": "", "image_url": "https://assets.shop.loblaws.ca/products/20976110/b3/en/front/20976110_front_a06_@2.png", "link": "https://www.loblaws.ca/pepperettes-sausage-sticks-original/p/20976110_EA?source=nspt", "brand": "Schneider", "package_size": "375 g", "unit_price": "$3.20/100g", "stock": "In stock", "points": "", "date_scraped": "2024-07-03T14:25:21.222678", "product_id": "f2bcedc9ede9107b8315381e29f6195f", "organic": false},
{"store": "loblaws", "category": "Deli Meat", "name": "Pepperoni Mild Sliced", "price": "$13.99", "sale_price": "", "previous_price": "", "image_url": "https://assets.shop.loblaws.ca/products/21217461/b3/en/front/21217461_front_a06_@2.png", "link": "https://www.loblaws.ca/pepperoni-mild-sliced/p/21217461_EA?source=nspt", "brand": "Roma", "package_size": "900 g", "unit_price": "$1.55/100g", "stock": "In stock", "points": "", "date_scraped": "2024-07-03T14:25:21.225126", "product_id": "17e14daf7ed1e9802561009063fc3bde", "organic": false},
{"store": "loblaws", "category": "Deli Meat", "name": "Pepperoni, Sliced", "price": "$8.49", "sale_price": "", "previous_price": "", "image_url": "https://assets.shop.loblaws.ca/products/20042333/b3/en/front/20042333_front_a06_@2.png", "link": "https://www.loblaws.ca/pepperoni-sliced/p/20042333_EA?source=nspt", "brand": "Pillers", "package_size": "250 g", "unit_price": "$33.96/1kg $3.40/100g", "stock": "In stock", "points": "", "date_scraped": "2024-07-03T14:25:21.226164", "product_id": "588cae54d993de1446a192ea4ac5972a", "organic": false},
{"store": "loblaws", "category": "Deli Meat", "name": "Pepperettes Sausage Sticks, Turkey", "price": "$11.99", "sale_price": "", "previous_price": "", "image_url": "https://assets.shop.loblaws.ca/products/20976093/b3/en/front/20976093_front_a06_@2.png", "link": "https://www.loblaws.ca/pepperettes-sausage-sticks-turkey/p/20976093_EA?source=nspt", "brand": "Schneider", "package_size": "375 g", "unit_price": "$3.20/100g", "stock": "In stock", "points": "", "date_scraped": "2024-07-03T14:25:21.228008", "product_id": "06d39ee75b41ac9bcde187387f81ab79", "organic": false},
{"store": "loblaws", "category": "Fresh Vegetables", "name": "Lettuce Iceberg", "price": "$3.49", "sale_price": "", "previous_price": "", "image_url": "https://assets.shop.loblaws.ca/products/20135326001/b3/en/front/20135326001_front_a06_@2.png", "link": "https://www.loblaws.ca/lettuce-iceberg/p/20135326001_EA?source=nspt", "brand": "", "package_size": "1 ea", "unit_price": "$3.49/1ea", "stock": "In stock", "points": "", "date_scraped": "2024-07-03T14:25:21.230621", "product_id": "5685047389349c5fe3c4f9a010a94723", "organic": false},
{"store": "loblaws", "category": "Fresh Vegetables", "name": "Yellow Onions, 3 lb Bag", "price": "$4.49", "sale_price": "", "previous_price": "", "image_url": "https://assets.shop.loblaws.ca/products/20811994001/b3/en/front/20811994001_front_a06_@2.png", "link": "https://www.loblaws.ca/yellow-onions-3-lb-bag/p/20811994001_EA?source=nspt", "brand": "Farmer's Market", "package_size": "1.36 kg", "unit_price": "$0.33/100g", "stock": "In stock", "points": "", "date_scraped": "2024-07-03T14:25:21.231628", "product_id": "1bf21273cac1161e52765d9f2131c5a7", "organic": false},
{"store": "loblaws", "category": "Fresh Vegetables", "name": "Red Onion", "price": "about $2.85", "sale_price": "", "previous_price": "", "image_url": "https://assets.shop.loblaws.ca/products/20134101001/b3/en/front/20134101001_front_a06_@2.png", "link": "https://www.loblaws.ca/red-onion/p/20134101001_KG?source=nspt", "brand": "", "package_size": "$7.69/1kg", "unit_price": "$3.49/1lb", "stock": "In stock", "points": "", "date_scraped": "2024-07-03T14:25:21.234267", "product_id": "b292aa50ac87e7dc04d360a52c5e1db1", "organic": false},
{"store": "loblaws", "category": "Fresh Vegetables", "name": "Asparagus", "price": "about $5.19", "sale_price": "", "previous_price": "", "image_url": "https://assets.shop.loblaws.ca/products/20174581001/b3/en/front/20174581001_front_a06_@2.png", "link": "https://www.loblaws.ca/asparagus/p/20174581001_KG?source=nspt", "brand": "", "package_size": "$8.80/1kg", "unit_price": "$3.99/1lb", "stock": "In stock", "points": "", "date_scraped": "2024-07-03T14:25:21.235305", "product_id": "9168f3125cae720813971b57d1055394", "organic": false},
{"store": "loblaws", "category": "Fresh Vegetables", "name": "Red Peppers    ", "price": "about $2.11", "sale_price": "", "previous_price": "", "image_url": "https://assets.shop.loblaws.ca/products/20007535001/b3/en/front/20007535001_front_a06_@2.png", "link": "https://www.loblaws.ca/red-peppers/p/20007535001_KG?source=nspt", "brand": "", "package_size": "$8.80/1kg", "unit_price": "$3.99/1lb", "stock": "In stock", "points": "", "date_scraped": "2024-07-03T14:25:21.236830", "product_id": "b553ae4604883079e4c41aed28b8bb7e", "organic": false},
{"store": "loblaws", "category": "Fresh Vegetables", "name": "Celery Stalks", "price": "$3.49", "sale_price": "", "previous_price": "", "image_url": "https://assets.shop.loblaws.ca/products/20163119001/b3/en/front/20163119001_front_a06_@2.png", "link": "https://www.loblaws.ca/celery-stalks/p/20163119001_EA?source=nspt", "brand": "", "package_size": "1 ea", "unit_price": "$3.49/1ea", "stock": "In stock", "points": "", "date_scraped": "2024-07-03T14:25:21.238783", "product_id": "b23b0b94fecfde2779a928b472d6aa5c", "organic": false},
{"store": "loblaws", "category": "Fresh Fruits", "name": "Limes", "price": "$0.99", "sale_price": "", "previous_price": "", "image_url": "https://assets.shop.loblaws.ca/products/20040489001/b3/en/front/20040489001_front_a06_@2.png", "link": "https://www.loblaws.ca/limes/p/20040489001_EA?source=nspt", "brand": "", "package_size": "1 ea", "unit_price": "$0.99/1ea", "stock": "In stock", "points": "", "date_scraped": "2024-07-03T14:25:21.240340", "product_id": "ff47b72c76bcd3893c72f97672374bf4", "organic": false},
{"store": "loblaws", "category": "Fresh Fruits", "name": "Strawberry Quart", "price": "$4.99", "sale_price": "", "previous_price": "", "image_url": "https://assets.shop.loblaws.ca/products/20503017001/b3/en/front/20503017001_front_a06_@2.png", "link": "https://www.loblaws.ca/strawberry-quart/p/20503017001_EA?source=nspt", "brand": "", "package_size": "517 g", "unit_price": "$0.97/100g", "stock": "In stock", "points": "", "date_scraped": "2024-07-03T14:25:21.241346", "product_id": "594bbd30814a2af10800b3be563903c3", "organic": false},
{"store": "loblaws", "category": "Fresh Fruits", "name": "Extra Large Green Seedless Grapes", "price": "about $8.98", "sale_price": "", "previous_price": "", "image_url": "https://assets.shop.loblaws.ca/products/20425775001/b3/en/front/20425775001_front_a06_@2.png", "link": "https://www.loblaws.ca/extra-large-green-seedless-grapes/p/20425775001_KG?source=nspt", "brand": "", "package_size": "$8.80/1kg", "unit_price": "$3.99/1lb", "stock": "In stock", "points": "", "date_scraped": "2024-07-03T14:25:21.243389", "product_id": "b6798758b5daaa2dd142c77bc1540058", "organic": false},
{"store": "loblaws", "category": "Fresh Fruits", "name": "Raspberries 1/2 pint", "price": "$3.99", "sale_price": "", "previous_price": "", "image_url": "https://assets.shop.loblaws.ca/products/20128938001/b3/en/front/20128938001_front_a06_@2.png", "link": "https://www.loblaws.ca/raspberries-1-2-pint/p/20128938001_EA?source=nspt", "brand": "", "package_size": "170 g", "unit_price": "$2.35/100g", "stock": "In stock", "points": "", "date_scraped": "2024-07-03T14:25:21.244421", "product_id": "387684c4b722ff25d8c3317b42e1c669", "organic": false},
{"store": "loblaws", "category": "Fresh Fruits", "name": "Organic Bananas, Bunch", "price": "about $2.88", "sale_price": "", "previous_price": "", "image_url": "https://assets.shop.loblaws.ca/products/20139509001/b3/en/front/20139509001_front_a06_@2.png", "link": "https://www.loblaws.ca/organic-bananas-bunch/p/20139509001_KG?source=nspt", "brand": "PC Organics", "package_size": "$2.62/1kg", "unit_price": "$1.19/1lb", "stock": "In stock", "points": "", "date_scraped": "2024-07-03T14:25:21.246684", "product_id": "ed25472a122192e23ace7a1ceedaaf7c", "organic": true},
{"store": "loblaws", "category": "Fresh Fruits", "name": "Cantaloupe", "price": "", "sale_price": "$3.99", "previous_price": "$5.99", "image_url": "https://assets.shop.loblaws.ca/products/20167017001/b3/en/front/20167017001_front_a06_@2.png", "link": "https://www.loblaws.ca/cantaloupe/p/20167017001_EA?source=nspt", "brand": "", "package_size": "1 ea", "unit_price": "$3.99/1ea", "stock": "In stock", "points": "", "date_scraped": "2024-07-03T14:25:21.248850", "product_id": "f22064074e3e2d0db347a6979f87e6f1", "organic": false},
{"store": "loblaws", "category": "Deli Meat", "name": "Pepperettes Sausage Sticks, Pepperoni", "price": "$11.99", "sale_price": "", "previous_price": "", "image_url": "https://assets.shop.loblaws.ca/products/21433636/b3/en/front/21433636_front_a06_@2.png", "link": "https://www.loblaws.ca/pepperettes-sausage-sticks-pepperoni/p/21433636_EA?source=nspt", "brand": "Schneider", "package_size": "300 g", "unit_price": "$4.00/100g", "stock": "In stock", "points": "", "date_scraped": "2024-07-03T14:25:21.253485", "product_id": "de0c04d8caec38ab31b17a650ea55f97", "organic": false},
{"store": "loblaws", "category": "Deli Meat", "name": "Turkey Bites Smoked Turkey Sausage Original", "price": "$12.99", "sale_price": "", "previous_price": "", "image_url": "https://assets.shop.loblaws.ca/products/21099386/b3/en/front/21099386_front_a06_@2.png", "link": "https://www.loblaws.ca/turkey-bites-smoked-turkey-sausage-original/p/21099386_EA?source=nspt", "brand": "Pillers", "package_size": "300 g", "unit_price": "$4.33/100g", "stock": "In stock", "points": "", "date_scraped": "2024-07-03T14:25:21.256589", "product_id": "5a9ae27989743b166abe8bffd88d8546", "organic": false},
{"store": "loblaws", "category": "Deli Meat", "name": "Pepperoni, Sliced", "price": "$6.49", "sale_price": "", "previous_price": "", "image_url": "https://assets.shop.loblaws.ca/products/20085869/b3/en/front/20085869_front_a06_@2.png", "link": "https://www.loblaws.ca/pepperoni-sliced/p/20085869_EA?source=nspt", "brand": "Ziggy's", "package_size": "175 g", "unit_price": "$37.09/1kg $3.71/100g", "stock": "In stock", "points": "", "date_scraped": "2024-07-03T14:25:21.258588", "product_id": "24f665068ea186cf98a10ffdf0a640b3", "organic": false},
{"store": "loblaws", "category": "Deli Meat", "name": "Sliced Turkey Pepperoni", "price": "$6.49", "sale_price": "", "previous_price": "", "image_url": "https://assets.shop.loblaws.ca/products/21434499/b3/en/front/21434499_front_a06_@2.png", "link": "https://www.loblaws.ca/sliced-turkey-pepperoni/p/21434499_EA?source=nspt", "brand": "Ziggy's", "package_size": "175 g", "unit_price": "$3.71/100g", "stock": "Out of Stock", "points": "", "date_scraped": "2024-07-03T14:25:21.260784", "product_id": "c9e6de4af807af25b0dd3f190599c21b", "organic": false},
{"store": "loblaws", "category": "Fresh Vegetables", "name": "Zucchini", "price": "about $1.54", "sale_price": "", "previous_price": "", "image_url": "https://assets.shop.loblaws.ca/products/20426596001/b3/en/front/20426596001_front_a06_@2.png", "link": "https://www.loblaws.ca/zucchini/p/20426596001_KG?source=nspt", "brand": "", "package_size": "$5.49/1kg", "unit_price": "$2.49/1lb", "stock": "In stock", "points": "", "date_scraped": "2024-07-03T14:25:21.263429", "product_id": "4c73d2bad9f9b37aaa69eee7b473acbf", "organic": false},
{"store": "loblaws", "category": "Fresh Vegetables", "name": "Bi-Colour Corn, Corn on the Cob", "price": "$0.89", "sale_price": "", "previous_price": "", "image_url": "https://assets.shop.loblaws.ca/products/20131170001/b3/en/front/20131170001_front_a06_@2.png", "link": "https://www.loblaws.ca/bi-colour-corn-corn-on-the-cob/p/20131170001_EA?source=nspt", "brand": "", "package_size": "1 ea", "unit_price": "$0.89/1ea", "stock": "In stock", "points": "", "date_scraped": "2024-07-03T14:25:21.265553", "product_id": "e19e3fa3dea7bad7743c140e351c27e2", "organic": false},
{"store": "loblaws", "category": "Fresh Vegetables", "name": "English Cucumber 3Ct    ", "price": "$3.99", "sale_price": "", "previous_price": "", "image_url": "https://assets.shop.loblaws.ca/products/20828461001/b3/en/front/20828461001_front_a06_@2.png", "link": "https://www.loblaws.ca/english-cucumber-3ct/p/20828461001_EA?source=nspt", "brand": "Farmer's Market", "package_size": "3 pack", "unit_price": "$1.33/1ea", "stock": "In stock", "points": "", "date_scraped": "2024-07-03T14:25:21.267647", "product_id": "f69a45b18545b5bc45fe472b94529542", "organic": false},
{"store": "loblaws", "category": "Fresh Vegetables", "name": "Grape Tomatoes", "price": "$3.99", "sale_price": "", "previous_price": "", "image_url": "https://assets.shop.loblaws.ca/products/21367888001/b3/en/front/21367888001_front_a06_@2.png", "link": "https://www.loblaws.ca/grape-tomatoes/p/21367888001_EA?source=nspt", "brand": "Farmer's Market", "package_size": "283 g", "unit_price": "$1.41/100g", "stock": "In stock", "points": "", "date_scraped": "2024-07-03T14:25:21.269729", "product_id": "a9dbbac26c1c76e6c98890602203e0e1", "organic": false},
{"store": "loblaws", "category": "Fresh Vegetables", "name": "Broccoli", "price": "$3.79", "sale_price": "", "previous_price": "", "image_url": "https://assets.shop.loblaws.ca/products/20145621001/b3/en/front/20145621001_front_a06_@2.png", "link": "https://www.loblaws.ca/broccoli/p/20145621001_EA?source=nspt", "brand": "", "package_size": "1 ea", "unit_price": "$3.79/1ea", "stock": "In stock", "points": "", "date_scraped": "2024-07-03T14:25:21.271826", "product_id": "b45a432f19dc5de1768bee561286e889", "organic": false},
{"store": "loblaws", "category": "Fresh Fruits", "name": "Mandarin Oranges, 2 lb bag", "price": "$4.99", "sale_price": "", "previous_price": "", "image_url": "https://assets.shop.loblaws.ca/products/20099819001/b3/en/front/20099819001_front_a06_@2.png", "link": "https://www.loblaws.ca/mandarin-oranges-2-lb-bag/p/20099819001_EA?source=nspt", "brand": "Farmer's Market", "package_size": "907 g", "unit_price": "$0.55/100g", "stock": "In stock", "points": "", "date_scraped": "2024-07-03T14:25:21.274445", "product_id": "cbd418db8f1fd7e70aa33035e6d1c718", "organic": false},
{"store": "loblaws", "category": "Fresh Fruits", "name": "Blackberries 1/2 Pint", "price": "", "sale_price": "$2.99", "previous_price": "$3.99", "image_url": "https://assets.shop.loblaws.ca/products/20051015001/b3/en/front/20051015001_front_a06_@2.png", "link": "https://www.loblaws.ca/blackberries-1-2-pint/p/20051015001_EA?source=nspt", "brand": "", "package_size": "170 g", "unit_price": "$1.76/100g", "stock": "In stock", "points": "", "date_scraped": "2024-07-03T14:25:21.277064", "product_id": "a870335a5d0775f70cef44e887a1acac", "organic": false},
{"store": "loblaws", "category": "Fresh Fruits", "name": "Royal Gala Apples", "price": "about $1.38", "sale_price": "", "previous_price": "", "image_url": "https://assets.shop.loblaws.ca/products/20083526001/b3/en/front/20083526001_front_a06_@2.png", "link": "https://www.loblaws.ca/royal-gala-apples/p/20083526001_KG?source=nspt", "brand": "", "package_size": "$6.59/1kg", "unit_price": "$2.99/1lb", "stock": "In stock", "points": "", "date_scraped": "2024-07-03T14:25:21.279187", "product_id": "f5fa3a7cde9c5f51a97a2ef18ac62d01", "organic": false},
{"store": "loblaws", "category": "Fresh Fruits", "name": "Bartlett Pears", "price": "", "sale_price": "about $0.92", "previous_price": "$1.38", "image_url": "https://assets.shop.loblaws.ca/products/20172240001/b3/en/front/20172240001_front_a06_@2.png", "link": "https://www.loblaws.ca/bartlett-pears/p/20172240001_KG?source=nspt", "brand": "", "package_size": "$4.39/1kg", "unit_price": "$1.99/1lb", "stock": "In stock", "points": "", "date_scraped": "2024-07-03T14:25:21.281809", "product_id": "ea246df88b703cb20e7b0495653c90de", "organic": false},
{"store": "loblaws", "category": "Deli Meat", "name": "Pepperoni, Sliced Club Pack", "price": "$11.99", "sale_price": "", "previous_price": "", "image_url": "https://assets.shop.loblaws.ca/products/20040698/b3/en/front/20040698_front_a06_@2.png", "link": "https://www.loblaws.ca/pepperoni-sliced-club-pack/p/20040698_EA?source=nspt", "brand": "Ziggy's", "package_size": "500 g", "unit_price": "$23.98/1kg $2.40/100g", "stock": "In stock", "points": "", "date_scraped": "2024-07-03T14:25:21.284902", "product_id": "96b418c3464e506106867a56a898c258", "organic": false},
{"store": "loblaws", "category": "Deli Meat", "name": "Pepperoni, Pizza Cut", "price": "$6.49", "sale_price": "", "previous_price": "", "image_url": "https://assets.shop.loblaws.ca/products/20832437/b3/en/front/20832437_front_a06_@2.png", "link": "https://www.loblaws.ca/pepperoni-pizza-cut/p/20832437_EA?source=nspt", "brand": "Marcangelo", "package_size": "175 g", "unit_price": "$37.09/1kg $3.71/100g", "stock": "In stock", "points": "", "date_scraped": "2024-07-03T14:25:21.287213", "product_id": "c71485aad694f36c4f695fc5d4813309", "organic": false},
{"store": "loblaws", "category": "Deli Meat", "name": "Pepperoni Original", "price": "$12.99", "sale_price": "", "previous_price": "", "image_url": "https://assets.shop.loblaws.ca/products/21099391/b3/en/front/21099391_front_a06_@2.png", "link": "https://www.loblaws.ca/pepperoni-original/p/21099391_EA?source=nspt", "brand": "Pillers", "package_size": "500 g", "unit_price": "$2.60/100g", "stock": "In stock", "points": "", "date_scraped": "2024-07-03T14:25:21.290876", "product_id": "07b23498c9fc9f387d29c6c9e09cdc9c", "organic": false},
{"store": "loblaws", "category": "Deli Meat", "name": "Pepperettes Sausage Sticks, Honey Garlic", "price": "$11.99", "sale_price": "", "previous_price": "", "image_url": "https://assets.shop.loblaws.ca/products/21433732/b3/en/front/21433732_front_a06_@2.png", "link": "https://www.loblaws.ca/pepperettes-sausage-sticks-honey-garlic/p/21433732_EA?source=nspt", "brand": "Schneider", "package_size": "300 g", "unit_price": "$4.00/100g", "stock": "In stock", "points": "", "date_scraped": "2024-07-03T14:25:21.292968", "product_id": "ab0046b2b9602cb4b8c852c2bb9db6f7", "organic": false},
{"store": "loblaws", "category": "Fresh Vegetables", "name": "Sweet Green Peppers", "price": "about $2.16", "sale_price": "", "previous_price": "", "image_url": "https://assets.shop.loblaws.ca/products/20425893001/b3/en/front/20425893001_front_a06_@2.png", "link": "https://www.loblaws.ca/sweet-green-peppers/p/20425893001_KG?source=nspt", "brand": "", "package_size": "$8.80/1kg", "unit_price": "$3.99/1lb", "stock": "In stock", "points": "", "date_scraped": "2024-07-03T14:25:21.295566", "product_id": "1af9117a83317d276f7dac967561bad3", "organic": false},
{"store": "loblaws", "category": "Fresh Vegetables", "name": "Roma Tomatoes", "price": "about $0.66", "sale_price": "", "previous_price": "", "image_url": "https://assets.shop.loblaws.ca/products/20143381001/b3/en/front/20143381001_front_a06_@2.png", "link": "https://www.loblaws.ca/roma-tomatoes/p/20143381001_KG?source=nspt", "brand": "", "package_size": "$5.49/1kg", "unit_price": "$2.49/1lb", "stock": "In stock", "points": "", "date_scraped": "2024-07-03T14:25:21.297134", "product_id": "3ad76162926e86a408db7e1e59bbac0a", "organic": false},
{"store": "loblaws", "category": "Fresh Vegetables", "name": "Garlic Bulbs, 3-count", "price": "$0.99", "sale_price": "", "previous_price": "", "image_url": "https://assets.shop.loblaws.ca/products/21004355001/b3/en/front/21004355001_front_a06_@2.png", "link": "https://www.loblaws.ca/garlic-bulbs-3-count/p/21004355001_EA?source=nspt", "brand": "Rooster", "package_size": "90 g", "unit_price": "$0.33/1ea", "stock": "In stock", "points": "", "date_scraped": "2024-07-03T14:25:21.298689", "product_id": "9c69d91d06faefcb329e91598960a0e5", "organic": false},
{"store": "loblaws", "category": "Fresh Vegetables", "name": "Sweet Onion", "price": "about $3.03", "sale_price": "", "previous_price": "", "image_url": "https://assets.shop.loblaws.ca/products/20083454001/b3/en/front/20083454001_front_a06_@2.png", "link": "https://www.loblaws.ca/sweet-onion/p/20083454001_KG?source=nspt", "brand": "", "package_size": "$6.59/1kg", "unit_price": "$2.99/1lb", "stock": "In stock", "points": "", "date_scraped": "2024-07-03T14:25:21.300249", "product_id": "e33f496ba5ebe80d192bd8ffacd561a7", "organic": false},
{"store": "loblaws", "category": "Fresh Vegetables", "name": "Ginger", "price": "about $1.85", "sale_price": "", "previous_price": "", "image_url": "https://assets.shop.loblaws.ca/products/20179038001/b3/en/front/20179038001_front_a06_@2.png", "link": "https://www.loblaws.ca/ginger/p/20179038001_KG?source=nspt", "brand": "", "package_size": "$8.80/1kg", "unit_price": "$3.99/1lb", "stock": "In stock", "points": "", "date_scraped": "2024-07-03T14:25:21.301812", "product_id": "5c12feeb4745cbc0b2ac1de69e65e2bc", "organic": false},
{"store": "loblaws", "category": "Fresh Vegetables", "name": "Sweet Corn", "price": "", "sale_price": "$4.99", "previous_price": "$5.99", "image_url": "https://assets.shop.loblaws.ca/products/20348977001/b3/en/front/20348977001_front_a06_@2.png", "link": "https://www.loblaws.ca/sweet-corn/p/20348977001_EA?source=nspt", "brand": "Farmer's Market", "package_size": "4 pack", "unit_price": "$1.25/1ea", "stock": "In stock", "points": "", "date_scraped": "2024-07-03T14:25:21.302905", "product_id": "ed5435c37516fe1964aa614f0eb75a89", "organic": false},
{"store": "loblaws", "category": "Fresh Vegetables", "name": "Cauliflower", "price": "$4.99", "sale_price": "", "previous_price": "", "image_url": "https://assets.shop.loblaws.ca/products/20135377001/b3/en/front/20135377001_front_a06_@2.png", "link": "https://www.loblaws.ca/cauliflower/p/20135377001_EA?source=nspt", "brand": "", "package_size": "1 ea", "unit_price": "$4.99/1ea", "stock": "In stock", "points": "", "date_scraped": "2024-07-03T14:25:21.304449", "product_id": "ede3846bac4e80d86bbbcfab5067e0ab", "organic": false},
{"store": "loblaws", "category": "Fresh Fruits", "name": "Mango", "price": "$2.99", "sale_price": "", "previous_price": "", "image_url": "https://assets.shop.loblaws.ca/products/20059635001/b3/en/front/20059635001_front_a06_@2.png", "link": "https://www.loblaws.ca/mango/p/20059635001_EA?source=nspt", "brand": "", "package_size": "1 ea", "unit_price": "$2.99/1ea", "stock": "In stock", "points": "", "date_scraped": "2024-07-03T14:25:21.306531", "product_id": "1b36a1e4829decc81f2915ef91174523", "organic": false},
{"store": "loblaws", "category": "Fresh Fruits", "name": "Peaches ", "price": "$8.99", "sale_price": "", "previous_price": "", "image_url": "https://assets.shop.loblaws.ca/products/20826568001/b3/en/front/20826568001_front_a06_@2.png", "link": "https://www.loblaws.ca/peaches/p/20826568001_EA?source=nspt", "brand": "Farmer's Market", "package_size": "3 l", "unit_price": "$0.30/100ml", "stock": "In stock", "points": "2,000 PC Optimum Points", "date_scraped": "2024-07-03T14:25:21.308631", "product_id": "7ba1710b136acc5aa9659daedc1991f4", "organic": false},
{"store": "loblaws", "category": "Fresh Fruits", "name": "Navel Orange", "price": "about $1.54", "sale_price": "", "previous_price": "", "image_url": "https://assets.shop.loblaws.ca/products/20426078001/b3/en/front/20426078001_front_a06_@2.png", "link": "https://www.loblaws.ca/navel-orange/p/20426078001_KG?source=nspt", "brand": "", "package_size": "$4.39/1kg", "unit_price": "$1.99/1lb", "stock": "In stock", "points": "", "date_scraped": "2024-07-03T14:25:21.310217", "product_id": "115d4173a65c27c9e62bcd711891c647", "organic": false},
{"store": "loblaws", "category": "Fresh Fruits", "name": "Navel Oranges, 3 lb Bag", "price": "$5.99", "sale_price": "", "previous_price": "", "image_url": "https://assets.shop.loblaws.ca/products/20162945001/b3/en/front/20162945001_front_a06_@2.png", "link": "https://www.loblaws.ca/navel-oranges-3-lb-bag/p/20162945001_EA?source=nspt", "brand": "Farmer's Market", "package_size": "1.36 kg", "unit_price": "$0.44/100g", "stock": "In stock", "points": "", "date_scraped": "2024-07-03T14:25:21.311776", "product_id": "7c617d179c04f3c6140d8c8ea3aa68aa", "organic": false},
{"store": "loblaws", "category": "Fresh Fruits", "name": "Blueberries", "price": "$6.99", "sale_price": "", "previous_price": "", "image_url": "https://assets.shop.loblaws.ca/products/20338666001/b3/en/front/20338666001_front_a06_@2.png", "link": "https://www.loblaws.ca/blueberries/p/20338666001_EA?source=nspt", "brand": "", "package_size": "510 g", "unit_price": "$1.37/100g", "stock": "In stock", "points": "", "date_scraped": "2024-07-03T14:25:21.313334", "product_id": "c44affda99c546870a3ae212b2ec4bab", "organic": false},
{"store": "loblaws", "category": "Fresh Fruits", "name": "Honeycrisp Apples", "price": "about $2.11", "sale_price": "", "previous_price": "", "image_url": "https://assets.shop.loblaws.ca/products/20132621001/b3/en/front/20132621001_front_a06_@2.png", "link": "https://www.loblaws.ca/honeycrisp-apples/p/20132621001_KG?source=nspt", "brand": "", "package_size": "$8.80/1kg", "unit_price": "$3.99/1lb", "stock": "In stock", "points": "", "date_scraped": "2024-07-03T14:25:21.314370", "product_id": "bef15ff35eda239fe00e1d2b1e23c6f3", "organic": false},
{"store": "loblaws", "category": "Fresh Fruits", "name": "Raspberry Pint ", "price": "$9.99", "sale_price": "", "previous_price": "", "image_url": "https://assets.shop.loblaws.ca/products/20034947001/b3/en/front/20034947001_front_a06_@2.png", "link": "https://www.loblaws.ca/raspberry-pint/p/20034947001_EA?source=nspt", "brand": "", "package_size": "340 g", "unit_price": "$2.94/100g", "stock": "In stock", "points": "", "date_scraped": "2024-07-03T14:25:21.315897", "product_id": "bf1a73acff1867007f53998c9424e6a1", "organic": false},
{"store": "loblaws", "category": "Deli Meat", "name": "Pepperettes\u00ae Sausage Sticks, Hot Pepperoni", "price": "$11.99", "sale_price": "", "previous_price": "", "image_url": "https://assets.shop.loblaws.ca/products/21053172/b3/en/front/21053172_front_a06_@2.png", "link": "https://www.loblaws.ca/pepperettes-sausage-sticks-hot-pepperoni/p/21053172_EA?source=nspt", "brand": "Schneider", "package_size": "375 g", "unit_price": "$3.20/100g", "stock": "In stock", "points": "", "date_scraped": "2024-07-03T14:25:21.317408", "product_id": "e31bdc9cf4a3d7977444b6dd3d0ae84e", "organic": false},
{"store": "loblaws", "category": "Deli Meat", "name": "Tuscan Style Salami Sticks Dry Cured", "price": "$12.99", "sale_price": "", "previous_price": "", "image_url": "https://assets.shop.loblaws.ca/products/21170544/b3/en/front/21170544_front_a06_@2.png", "link": "https://www.loblaws.ca/tuscan-style-salami-sticks-dry-cured/p/21170544_EA?source=nspt", "brand": "Pillers", "package_size": "300 g", "unit_price": "$4.33/100g", "stock": "In stock", "points": "", "date_scraped": "2024-07-03T14:25:21.319419", "product_id": "de1dd3f82c8fa1982870c2b923993ead", "organic": false},
{"store": "loblaws", "category": "Deli Meat", "name": "Pepperettes Bites Sausage Snacks, Pepperoni", "price": "$11.99", "sale_price": "", "previous_price": "", "image_url": "https://assets.shop.loblaws.ca/products/21354904/b3/en/front/21354904_front_a06_@2.png", "link": "https://www.loblaws.ca/pepperettes-bites-sausage-snacks-pepperoni/p/21354904_EA?source=nspt", "brand": "Schneider", "package_size": "300 g", "unit_price": "$4.00/100g", "stock": "In stock", "points": "", "date_scraped": "2024-07-03T14:25:21.320921", "product_id": "86542de6be5cb56a4e18d7319e58eaa3", "organic": false},
{"store": "loblaws", "category": "Deli Meat", "name": "Dry Pepperoni Sticks", "price": "$14.99", "sale_price": "", "previous_price": "", "image_url": "https://assets.shop.loblaws.ca/products/20361952/b3/en/front/20361952_front_a06_@2.png", "link": "https://www.loblaws.ca/dry-pepperoni-sticks/p/20361952_EA?source=nspt", "brand": "Freybe", "package_size": "500 g", "unit_price": "$29.98/1kg $3.00/100g", "stock": "In stock", "points": "", "date_scraped": "2024-07-03T14:25:21.321926", "product_id": "ba6193096daa32a11f3d34ea8abc8be4", "organic": false},
{"store": "loblaws", "category": "Deli Meat", "name": "Free From Turkey Pepperellos", "price": "$12.99", "sale_price": "", "previous_price": "", "image_url": "https://assets.shop.loblaws.ca/products/21108029/b3/en/front/21108029_front_a06_@2.png", "link": "https://www.loblaws.ca/free-from-turkey-pepperellos/p/21108029_EA?source=nspt", "brand": "President's Choice", "package_size": "300 g", "unit_price": "$4.33/100g", "stock": "In stock", "points": "", "date_scraped": "2024-07-03T14:25:21.322925", "product_id": "10103bd233814aee22c84b4d730493e2", "organic": false},
{"store": "loblaws", "category": "Deli Meat", "name": "Pepperettes Sausage Sticks, Beef", "price": "$11.99", "sale_price": "", "previous_price": "", "image_url": "https://assets.shop.loblaws.ca/products/21378982/b3/en/front/21378982_front_a06_@2.png", "link": "https://www.loblaws.ca/pepperettes-sausage-sticks-beef/p/21378982_EA?source=nspt", "brand": "Schneider", "package_size": "300 g", "unit_price": "$4.00/100g", "stock": "In stock", "points": "", "date_scraped": "2024-07-03T14:25:21.324430", "product_id": "3ac8e3f83c0b31154342ffa82578a211", "organic": false},
{"store": "loblaws", "category": "Deli Meat", "name": "Pepperettes Bites Sausage Snacks, European", "price": "$11.99", "sale_price": "", "previous_price": "", "image_url": "https://assets.shop.loblaws.ca/products/21354912/b3/en/front/21354912_front_a06_@2.png", "link": "https://www.loblaws.ca/pepperettes-bites-sausage-snacks-european/p/21354912_EA?source=nspt", "brand": "Schneider", "package_size": "250 g", "unit_price": "$4.80/100g", "stock": "In stock", "points": "", "date_scraped": "2024-07-03T14:25:21.326473", "product_id": "2941a7ca95ec4988653694625d430a5b", "organic": false},
{"store": "loblaws", "category": "Fresh Vegetables", "name": "Carrots, 3 lb Bag", "price": "$3.99", "sale_price": "", "previous_price": "", "image_url": "https://assets.shop.loblaws.ca/products/20600927001/b3/en/front/20600927001_front_a06_@2.png", "link": "https://www.loblaws.ca/carrots-3-lb-bag/p/20600927001_EA?source=nspt", "brand": "Farmer's Market", "package_size": "1.362 kg", "unit_price": "$0.29/100g", "stock": "In stock", "points": "", "date_scraped": "2024-07-03T14:25:21.328560", "product_id": "8ce5bfc0726ec342bef3cb2261d06a5c", "organic": false},
{"store": "loblaws", "category": "Fresh Vegetables", "name": "Russet Potatoes, 10 lb Bag", "price": "$5.99", "sale_price": "", "previous_price": "", "image_url": "https://assets.shop.loblaws.ca/products/20601020001/b3/en/front/20601020001_front_a06_@2.png", "link": "https://www.loblaws.ca/russet-potatoes-10-lb-bag/p/20601020001_EA?source=nspt", "brand": "Farmer's Market", "package_size": "4.54 kg", "unit_price": "$0.13/100g", "stock": "In stock", "points": "", "date_scraped": "2024-07-03T14:25:21.330129", "product_id": "b388b217c4067d0e4db5a1e02bd94d5a", "organic": false},
{"store": "loblaws", "category": "Fresh Vegetables", "name": "Broccoli Crowns", "price": "about $2.92", "sale_price": "", "previous_price": "", "image_url": "https://assets.shop.loblaws.ca/products/20026161001/b3/en/front/20026161001_front_a06_@2.png", "link": "https://www.loblaws.ca/broccoli-crowns/p/20026161001_KG?source=nspt", "brand": "", "package_size": "$7.69/1kg", "unit_price": "$3.49/1lb", "stock": "In stock", "points": "", "date_scraped": "2024-07-03T14:25:21.331174", "product_id": "6555fbf604d5c10c5846818c57d5cd00", "organic": false},
{"store": "loblaws", "category": "Fresh Vegetables", "name": "Mini Carrots", "price": "$3.49", "sale_price": "", "previous_price": "", "image_url": "https://assets.shop.loblaws.ca/products/20117370001/b3/en/front/20117370001_front_a06_@2.png", "link": "https://www.loblaws.ca/mini-carrots/p/20117370001_EA?source=nspt", "brand": "Farmer's Market", "package_size": "340 g", "unit_price": "$1.03/100g", "stock": "In stock", "points": "", "date_scraped": "2024-07-03T14:25:21.332830", "product_id": "9ab08c7b722d207a4748c3fdcabced3a", "organic": false},
{"store": "loblaws", "category": "Fresh Vegetables", "name": "Colossal Garlic", "price": "about $1.32", "sale_price": "", "previous_price": "", "image_url": "https://assets.shop.loblaws.ca/products/20135581001/b3/en/front/20135581001_front_a06_@2.png", "link": "https://www.loblaws.ca/colossal-garlic/p/20135581001_KG?source=nspt", "brand": "", "package_size": "$13.21/1kg", "unit_price": "$5.99/1lb", "stock": "In stock", "points": "", "date_scraped": "2024-07-03T14:25:21.334376", "product_id": "78a9d04cd088038dbf14f8f0d73b42e5", "organic": false},
{"store": "loblaws", "category": "Fresh Vegetables", "name": "Sweet Potato", "price": "about $2.77", "sale_price": "", "previous_price": "", "image_url": "https://assets.shop.loblaws.ca/products/20127708001/b3/en/front/20127708001_front_a06_@2.png", "link": "https://www.loblaws.ca/sweet-potato/p/20127708001_KG?source=nspt", "brand": "", "package_size": "$4.39/1kg", "unit_price": "$1.99/1lb", "stock": "In stock", "points": "", "date_scraped": "2024-07-03T14:25:21.335903", "product_id": "f4a911c5a9fada99dc90d3190027947e", "organic": false},
{"store": "loblaws", "category": "Fresh Vegetables", "name": "Greenhouse Peppers", "price": "$4.99", "sale_price": "", "previous_price": "", "image_url": "https://assets.shop.loblaws.ca/products/20085851001/b3/en/front/20085851001_front_a06_@2.png", "link": "https://www.loblaws.ca/greenhouse-peppers/p/20085851001_EA?source=nspt", "brand": "Farmer's Market", "package_size": "1 ea", "unit_price": "$1.66/1ea", "stock": "In stock", "points": "", "date_scraped": "2024-07-03T14:25:21.336965", "product_id": "88435349af58841f7441a8401bdee3b8", "organic": false},
{"store": "loblaws", "category": "Fresh Fruits", "name": "Granny Smith Apples", "price": "about $1.32", "sale_price": "", "previous_price": "", "image_url": "https://assets.shop.loblaws.ca/products/20253488001/b3/en/front/20253488001_front_a06_@2.png", "link": "https://www.loblaws.ca/granny-smith-apples/p/20253488001_KG?source=nspt", "brand": "", "package_size": "$6.59/1kg", "unit_price": "$2.99/1lb", "stock": "In stock", "points": "", "date_scraped": "2024-07-03T14:25:21.339638", "product_id": "c0b6eb339cd630702388bb3c42653e0d", "organic": false},
{"store": "loblaws", "category": "Fresh Fruits", "name": "Ontario Greenhouse-Grown Strawberries ", "price": "", "sale_price": "$4.99", "previous_price": "$6.99", "image_url": "https://assets.shop.loblaws.ca/products/21027142001/b3/en/front/21027142001_front_a06_@2.png", "link": "https://www.loblaws.ca/ontario-greenhouse-grown-strawberries/p/21027142001_EA?source=nspt", "brand": "President's Choice", "package_size": "340 g", "unit_price": "$1.47/100g", "stock": "In stock", "points": "", "date_scraped": "2024-07-03T14:25:21.341722", "product_id": "a7d1e045d141083f8037cf57ddda590c", "organic": false},
{"store": "loblaws", "category": "Fresh Fruits", "name": "Naturally Imperfect Limes", "price": "$6.99", "sale_price": "", "previous_price": "", "image_url": "https://assets.shop.loblaws.ca/products/21124368001/b3/en/front/21124368001_front_a06_@2.png", "link": "https://www.loblaws.ca/naturally-imperfect-limes/p/21124368001_EA?source=nspt", "brand": "No Name", "package_size": "907 g", "unit_price": "$0.77/100g", "stock": "In stock", "points": "", "date_scraped": "2024-07-03T14:25:21.343282", "product_id": "756b9c57dbcdd8ab018f5f1d76935a3c", "organic": false},
{"store": "loblaws", "category": "Fresh Fruits", "name": "Lemons, 2 lb Bag", "price": "$5.99", "sale_price": "", "previous_price": "", "image_url": "https://assets.shop.loblaws.ca/products/20795315001/b3/en/front/20795315001_front_a06_@2.png", "link": "https://www.loblaws.ca/lemons-2-lb-bag/p/20795315001_EA?source=nspt", "brand": "Farmer's Market", "package_size": "907 g", "unit_price": "$0.66/100g", "stock": "In stock", "points": "", "date_scraped": "2024-07-03T14:25:21.344832", "product_id": "8ac7c06da579eca436c6bb551c169d30", "organic": false},
{"store": "loblaws", "category": "Fresh Fruits", "name": "Avocado", "price": "$2.99", "sale_price": "", "previous_price": "", "image_url": "https://assets.shop.loblaws.ca/products/20055266001/b3/en/front/20055266001_front_a06_@2.png", "link": "https://www.loblaws.ca/avocado/p/20055266001_EA?source=nspt", "brand": "", "package_size": "1 ea", "unit_price": "$2.99/1ea", "stock": "In stock", "points": "", "date_scraped": "2024-07-03T14:25:21.346401", "product_id": "68f96514285657e8a9f75664e017ea70", "organic": false},
{"store": "loblaws", "category": "Fresh Fruits", "name": "Nectarine", "price": "$8.99", "sale_price": "", "previous_price": "", "image_url": "https://assets.shop.loblaws.ca/products/20905336001/b3/en/front/20905336001_front_a06_@2.png", "link": "https://www.loblaws.ca/nectarine/p/20905336001_EA?source=nspt", "brand": "Farmer's Market", "package_size": "2 l", "unit_price": "$0.45/100ml", "stock": "In stock", "points": "", "date_scraped": "2024-07-03T14:25:21.347964", "product_id": "a8f7c73461e847e4a3e7caf4a3021ef8", "organic": false},
{"store": "loblaws", "category": "Deli Meat", "name": "Snack Stick Naturals Pepperoni Turkey", "price": "", "sale_price": "$7.00", "previous_price": "$8.00", "image_url": "https://assets.shop.loblaws.ca/products/21527809/b3/en/front/21527809_front_a06_@2.png", "link": "https://www.loblaws.ca/snack-stick-naturals-pepperoni-turkey/p/21527809_EA?source=nspt", "brand": "Gold Label", "package_size": "250 g", "unit_price": "$2.80/100g", "stock": "In stock", "points": "", "date_scraped": "2024-07-03T14:25:21.350055", "product_id": "32a2eecb79ee34edc9c2451e8d7a4a2c", "organic": false},
{"store": "loblaws", "category": "Deli Meat", "name": "Toppings Pepperoni Cup & Char Semi-Dry Cured", "price": "$8.49", "sale_price": "", "previous_price": "", "image_url": "https://assets.shop.loblaws.ca/products/21493437/b3/en/front/21493437_front_a06_@2.png", "link": "https://www.loblaws.ca/toppings-pepperoni-cup-char-semi-dry-cured/p/21493437_EA?source=nspt", "brand": "Pillers", "package_size": "175 g", "unit_price": "$4.85/100g", "stock": "In stock", "points": "", "date_scraped": "2024-07-03T14:25:21.351607", "product_id": "501799a88dda56792ac4fa4c4dea32e7", "organic": false},
{"store": "loblaws", "category": "Deli Meat", "name": "Pepperettes Sausage Sticks, Hot European", "price": "$11.99", "sale_price": "", "previous_price": "", "image_url": "https://assets.shop.loblaws.ca/products/21552836/b3/en/front/21552836_front_a06_@2.png", "link": "https://www.loblaws.ca/pepperettes-sausage-sticks-hot-european/p/21552836_EA?source=nspt", "brand": "Schneider", "package_size": "300 g", "unit_price": "$4.00/100g", "stock": "In stock", "points": "", "date_scraped": "2024-07-03T14:25:21.353171", "product_id": "5fad7017f433d2ec13e98de84aa70b2d", "organic": false},
{"store": "loblaws", "category": "Deli Meat", "name": "Grandpa Ham", "price": "$3.79", "sale_price": "", "previous_price": "", "image_url": "https://assets.shop.loblaws.ca/products/20996152/b3/en/front/20996152_front_a06_@2.png", "link": "https://www.loblaws.ca/grandpa-ham/p/20996152_KG?source=nspt", "brand": "Sikorski Sausages", "package_size": "", "unit_price": "$37.90/1kg", "stock": "In stock", "points": "", "date_scraped": "2024-07-03T14:25:21.355289", "product_id": "fd514cabea8825c681e24186a57c3e66", "organic": false},
{"store": "loblaws", "category": "Deli Meat", "name": "Snack Stick Naturals Pepperoni Original", "price": "", "sale_price": "$7.00", "previous_price": "$8.00", "image_url": "https://assets.shop.loblaws.ca/products/21527821/b3/en/front/21527821_front_a06_@2.png", "link": "https://www.loblaws.ca/snack-stick-naturals-pepperoni-original/p/21527821_EA?source=nspt", "brand": "Gold Label", "package_size": "300 g", "unit_price": "$2.33/100g", "stock": "In stock", "points": "", "date_scraped": "2024-07-03T14:25:21.358434", "product_id": "b0f742c769389b47d2c0a3a51e58a29c", "organic": false},
{"store": "loblaws", "category": "Fresh Vegetables", "name": "Naturally Imperfect Mixed Sweet Peppers 2.5lb Bag", "price": "$6.99", "sale_price": "", "previous_price": "", "image_url": "https://assets.shop.loblaws.ca/products/20921434001/b3/en/front/20921434001_front_a06_@2.png", "link": "https://www.loblaws.ca/naturally-imperfect-mixed-sweet-peppers-2-5lb-bag/p/20921434001_EA?source=nspt", "brand": "No Name", "package_size": "1.113 kg", "unit_price": "$0.63/100g", "stock": "In stock", "points": "", "date_scraped": "2024-07-03T14:25:21.360969", "product_id": "ab4725e26ce99eda1fd847976e7155e7", "organic": false},
{"store": "loblaws", "category": "Fresh Vegetables", "name": "Romaine Lettuce", "price": "$3.99", "sale_price": "", "previous_price": "", "image_url": "https://assets.shop.loblaws.ca/products/20065036001/b3/en/front/20065036001_front_a06_@2.png", "link": "https://www.loblaws.ca/romaine-lettuce/p/20065036001_EA?source=nspt", "brand": "", "package_size": "1 ea", "unit_price": "$3.99/1ea", "stock": "In stock", "points": "", "date_scraped": "2024-07-03T14:25:21.364510", "product_id": "48e7cd03231d72b5eb35dce92332a8e8", "organic": false},
{"store": "loblaws", "category": "Fresh Vegetables", "name": "Radishes", "price": "$2.49", "sale_price": "", "previous_price": "", "image_url": "https://assets.shop.loblaws.ca/products/20032320001/b3/en/front/20032320001_front_a06_@2.png", "link": "https://www.loblaws.ca/radishes/p/20032320001_EA?source=nspt", "brand": "", "package_size": "1 bunch", "unit_price": "$2.49/1ea", "stock": "In stock", "points": "", "date_scraped": "2024-07-03T14:25:21.366997", "product_id": "752b4680b008bfa0d00550435f39deb2", "organic": false},
{"store": "loblaws", "category": "Fresh Vegetables", "name": "Cucumbers 11 count", "price": "$5.99", "sale_price": "", "previous_price": "", "image_url": "https://assets.shop.loblaws.ca/products/21070679001/b3/en/front/21070679001_front_a06_@2.png", "link": "https://www.loblaws.ca/cucumbers-11-count/p/21070679001_EA?source=nspt", "brand": "Farmer's Market", "package_size": "750 g", "unit_price": "$0.54/1ea", "stock": "In stock", "points": "", "date_scraped": "2024-07-03T14:25:21.369998", "product_id": "f2c55761e1761c41b5524d06b7e8b249", "organic": false},
{"store": "loblaws", "category": "Fresh Fruits", "name": "Plantains, Single", "price": "about $1.08", "sale_price": "", "previous_price": "", "image_url": "https://assets.shop.loblaws.ca/products/20111926001/b3/en/front/20111926001_front_a06_@2.png", "link": "https://www.loblaws.ca/plantains-single/p/20111926001_KG?source=nspt", "brand": "", "package_size": "$3.28/1kg", "unit_price": "$1.49/1lb", "stock": "In stock", "points": "", "date_scraped": "2024-07-03T14:25:21.371624", "product_id": "67ca2f5c8caffb2c02a8d11841305fe8", "organic": false},
{"store": "loblaws", "category": "Fresh Fruits", "name": "Kiwis", "price": "$0.99", "sale_price": "", "previous_price": "", "image_url": "https://assets.shop.loblaws.ca/products/20130242001/b3/en/front/20130242001_front_a06_@2.png", "link": "https://www.loblaws.ca/kiwis/p/20130242001_EA?source=nspt", "brand": "", "package_size": "1 ea", "unit_price": "$0.99/1ea", "stock": "In stock", "points": "", "date_scraped": "2024-07-03T14:25:21.373135", "product_id": "c4ba266fe53ae4f7607181acc86593f3", "organic": false},
{"store": "loblaws", "category": "Fresh Fruits", "name": "Ataulfo Mango", "price": "$2.49", "sale_price": "", "previous_price": "", "image_url": "https://assets.shop.loblaws.ca/products/20121509001/b3/en/front/20121509001_front_a06_@2.png", "link": "https://www.loblaws.ca/ataulfo-mango/p/20121509001_EA?source=nspt", "brand": "", "package_size": "1 ea", "unit_price": "$2.49/1ea", "stock": "In stock", "points": "", "date_scraped": "2024-07-03T14:25:21.374646", "product_id": "db9d0f7d14ac568c995aa7808606a4ea", "organic": false},
{"store": "loblaws", "category": "Fresh Fruits", "name": "Ambrosia Apples", "price": "", "sale_price": "about $0.97", "previous_price": "$1.45", "image_url": "https://assets.shop.loblaws.ca/products/20092614001/b3/en/front/20092614001_front_a06_@2.png", "link": "https://www.loblaws.ca/ambrosia-apples/p/20092614001_KG?source=nspt", "brand": "President's Choice", "package_size": "$4.39/1kg", "unit_price": "$1.99/1lb", "stock": "In stock", "points": "", "date_scraped": "2024-07-03T14:25:21.376232", "product_id": "9703cae94f7ef3ecbb90cae47984ac38", "organic": false},
{"store": "loblaws", "category": "Fresh Fruits", "name": "Ambrosia Apples", "price": "", "sale_price": "$6.99", "previous_price": "$8.99", "image_url": "https://assets.shop.loblaws.ca/products/21307212001/b3/en/front/21307212001_front_a06_@2.png", "link": "https://www.loblaws.ca/ambrosia-apples/p/21307212001_EA?source=nspt", "brand": "Farmer's Market", "package_size": "1.814 kg", "unit_price": "$0.39/100g", "stock": "In stock", "points": "", "date_scraped": "2024-07-03T14:25:21.377857", "product_id": "a38f0c86507974d4875ad8302a5c7d2b", "organic": false},
{"store": "loblaws", "category": "Fresh Fruits", "name": "Blackberries 1 pint", "price": "$7.99", "sale_price": "", "previous_price": "", "image_url": "https://assets.shop.loblaws.ca/products/20138228001/b3/en/front/20138228001_front_a06_@2.png", "link": "https://www.loblaws.ca/blackberries-1-pint/p/20138228001_EA?source=nspt", "brand": "", "package_size": "340 g", "unit_price": "$2.35/100g", "stock": "In stock", "points": "", "date_scraped": "2024-07-03T14:25:21.378908", "product_id": "69d33cc4061f291b70db36496c3cc5f2", "organic": false},
{"store": "loblaws", "category": "Fresh Fruits", "name": "Pink Lady Apples", "price": "about $1.38", "sale_price": "", "previous_price": "", "image_url": "https://assets.shop.loblaws.ca/products/20093376001/b3/en/front/20093376001_front_a06_@2.png", "link": "https://www.loblaws.ca/pink-lady-apples/p/20093376001_KG?source=nspt", "brand": "", "package_size": "$6.59/1kg", "unit_price": "$2.99/1lb", "stock": "In stock", "points": "", "date_scraped": "2024-07-03T14:25:21.381292", "product_id": "be026613a8c1432cf06a36a84088fd3a", "organic": false},
{"store": "loblaws", "category": "Deli Meat", "name": "Dry Pepperoni Sticks, Honey Garlic", "price": "$14.99", "sale_price": "", "previous_price": "", "image_url": "https://assets.shop.loblaws.ca/products/20296154/b3/en/front/20296154_front_a06_@2.png", "link": "https://www.loblaws.ca/dry-pepperoni-sticks-honey-garlic/p/20296154_EA?source=nspt", "brand": "Freybe", "package_size": "500 g", "unit_price": "$29.98/1kg $3.00/100g", "stock": "In stock", "points": "", "date_scraped": "2024-07-03T14:25:21.382844", "product_id": "f5cb80bd26c815336814562a4bb9a4cd", "organic": false},
{"store": "loblaws", "category": "Deli Meat", "name": "Kolbassa Loaf", "price": "$3.19", "sale_price": "", "previous_price": "", "image_url": "https://assets.shop.loblaws.ca/products/20004383/b3/en/front/20004383_front_a06_@2.png", "link": "https://www.loblaws.ca/kolbassa-loaf/p/20004383_KG?source=nspt", "brand": "Brandt", "package_size": "", "unit_price": "$31.90/1kg", "stock": "In stock", "points": "", "date_scraped": "2024-07-03T14:25:21.383876", "product_id": "791f040be2379246de7049d4a3fd56fc", "organic": false},
{"store": "loblaws", "category": "Deli Meat", "name": "Pepperoni Spicy", "price": "$12.99", "sale_price": "", "previous_price": "", "image_url": "https://assets.shop.loblaws.ca/products/21099384/b3/en/front/21099384_front_a06_@2.png", "link": "https://www.loblaws.ca/pepperoni-spicy/p/21099384_EA?source=nspt", "brand": "Pillers", "package_size": "500 g", "unit_price": "$2.60/100g", "stock": "In stock", "points": "", "date_scraped": "2024-07-03T14:25:21.385931", "product_id": "8827b42d6876071b83fd2c8a201efd75", "organic": false},
{"store": "loblaws", "category": "Deli Meat", "name": "Turkey Bites Smoked Turkey Sausage Spicy", "price": "$12.99", "sale_price": "", "previous_price": "", "image_url": "https://assets.shop.loblaws.ca/products/20582987/b3/en/front/20582987_front_a06_@2.png", "link": "https://www.loblaws.ca/turkey-bites-smoked-turkey-sausage-spicy/p/20582987_EA?source=nspt", "brand": "Pillers", "package_size": "300 g", "unit_price": "$43.30/1kg $4.33/100g", "stock": "In stock", "points": "", "date_scraped": "2024-07-03T14:25:21.387499", "product_id": "072edcd8f139cc46970f1ec6fe0f0ed5", "organic": false},
{"store": "loblaws", "category": "Deli Meat", "name": "Sikorski Garlic Sausages", "price": "$3.29", "sale_price": "", "previous_price": "", "image_url": "https://assets.shop.loblaws.ca/products/20996142/b3/en/front/20996142_front_a06_@2.png", "link": "https://www.loblaws.ca/sikorski-garlic-sausages/p/20996142_KG?source=nspt", "brand": "Sikorski Sausages", "package_size": "", "unit_price": "$32.90/1kg", "stock": "In stock", "points": "", "date_scraped": "2024-07-03T14:25:21.388550", "product_id": "5a0533798368b5231d502605cc93525d", "organic": false},
{"store": "loblaws", "category": "Deli Meat", "name": "Smoke House Naturally Smoked Pepperoni Original", "price": "$6.00", "sale_price": "", "previous_price": "", "image_url": "https://assets.shop.loblaws.ca/products/21507920/b3/en/front/21507920_front_a06_@2.png", "link": "https://www.loblaws.ca/smoke-house-naturally-smoked-pepperoni-original/p/21507920_EA?source=nspt", "brand": "Gold Label", "package_size": "225 g", "unit_price": "$2.67/100g", "stock": "In stock", "points": "", "date_scraped": "2024-07-03T14:25:21.390560", "product_id": "45215324c9674125aad554da78acfb4f", "organic": false},
{"store": "loblaws", "category": "Deli Meat", "name": "Pepperellos, Original", "price": "$14.99", "sale_price": "", "previous_price": "", "image_url": "https://assets.shop.loblaws.ca/products/20923774/b3/en/front/20923774_front_a06_@2.png", "link": "https://www.loblaws.ca/pepperellos-original/p/20923774_EA?source=nspt", "brand": "President's Choice", "package_size": "500 g", "unit_price": "$29.98/1kg $3.00/100g", "stock": "In stock", "points": "", "date_scraped": "2024-07-03T14:25:21.392442", "product_id": "a72724ed61a2b8bf0faf693008a4e076", "organic": false},
{"store": "loblaws", "category": "Fresh Vegetables", "name": "Mini Cucumbers", "price": "$3.99", "sale_price": "", "previous_price": "", "image_url": "https://assets.shop.loblaws.ca/products/20737570001/b3/en/front/20737570001_front_a06_@2.png", "link": "https://www.loblaws.ca/mini-cucumbers/p/20737570001_EA?source=nspt", "brand": "Farmer's Market", "package_size": "6 pack", "unit_price": "$0.67/1ea", "stock": "In stock", "points": "", "date_scraped": "2024-07-03T14:25:21.394519", "product_id": "82bf50b9e240be7e6c090edbc4993dcf", "organic": false},
{"store": "loblaws", "category": "Fresh Vegetables", "name": "Mini Carrots, 2 lb", "price": "$5.99", "sale_price": "", "previous_price": "", "image_url": "https://assets.shop.loblaws.ca/products/20031454001/b3/en/front/20031454001_front_a06_@2.png", "link": "https://www.loblaws.ca/mini-carrots-2-lb/p/20031454001_EA?source=nspt", "brand": "Farmer's Market", "package_size": "907 g", "unit_price": "$0.66/100g", "stock": "In stock", "points": "", "date_scraped": "2024-07-03T14:25:21.396616", "product_id": "4d87e8244513f26b3eadf62dd0ed13a4", "organic": false},
{"store": "loblaws", "category": "Fresh Vegetables", "name": "Grape Tomato 907G    ", "price": "$7.99", "sale_price": "", "previous_price": "", "image_url": "https://assets.shop.loblaws.ca/products/20840038001/b3/en/front/20840038001_front_a06_@2.png", "link": "https://www.loblaws.ca/grape-tomato-907g/p/20840038001_EA?source=nspt", "brand": "Farmer's Market", "package_size": "908 g", "unit_price": "$0.88/100g", "stock": "In stock", "points": "", "date_scraped": "2024-07-03T14:25:21.399222", "product_id": "941107217e59bdf587da50febc9048ce", "organic": false},
{"store": "loblaws", "category": "Fresh Vegetables", "name": "Greenhouse Peppers, Orange", "price": "about $2.11", "sale_price": "", "previous_price": "", "image_url": "https://assets.shop.loblaws.ca/products/20166880001/b3/en/front/20166880001_front_a06_@2.png", "link": "https://www.loblaws.ca/greenhouse-peppers-orange/p/20166880001_KG?source=nspt", "brand": "", "package_size": "$8.80/1kg", "unit_price": "$3.99/1lb", "stock": "In stock", "points": "", "date_scraped": "2024-07-03T14:25:21.401853", "product_id": "d3a680bb743803656cfcc3ff7a9d6962", "organic": false},
{"store": "loblaws", "category": "Fresh Vegetables", "name": "Green Leaf Lettuce", "price": "$2.99", "sale_price": "", "previous_price": "", "image_url": "https://assets.shop.loblaws.ca/products/20133884001/b3/en/front/20133884001_front_a06_@2.png", "link": "https://www.loblaws.ca/green-leaf-lettuce/p/20133884001_EA?source=nspt", "brand": "", "package_size": "1 ea", "unit_price": "$2.99/1ea", "stock": "In stock", "points": "", "date_scraped": "2024-07-03T14:25:21.404452", "product_id": "92f62ee004609c8974db0284b400dd4e", "organic": false},
{"store": "loblaws", "category": "Fresh Fruits", "name": "Naturally Imperfect Avocados, 3 lb Bag", "price": "$10.00", "sale_price": "", "previous_price": "", "image_url": "https://assets.shop.loblaws.ca/products/21086003001/b3/en/front/21086003001_front_a06_@2.png", "link": "https://www.loblaws.ca/naturally-imperfect-avocados-3-lb-bag/p/21086003001_EA?source=nspt", "brand": "No Name", "package_size": "1.36 kg", "unit_price": "$0.74/100g", "stock": "In stock", "points": "", "date_scraped": "2024-07-03T14:25:21.406574", "product_id": "755a3e86d13e72f8b47cc8ea1368b961", "organic": false},
{"store": "loblaws", "category": "Fresh Fruits", "name": "Red Pummelos", "price": "$5.99", "sale_price": "", "previous_price": "", "image_url": "https://assets.shop.loblaws.ca/products/20081390001/b3/en/front/20081390001_front_a06_@2.png", "link": "https://www.loblaws.ca/red-pummelos/p/20081390001_EA?source=nspt", "brand": "Sunkist", "package_size": "1 ea", "unit_price": "$5.99/1ea", "stock": "In stock", "points": "", "date_scraped": "2024-07-03T14:25:21.408662", "product_id": "0a54a5959a40c92ab4b1a948abfa1497", "organic": false},
{"store": "loblaws", "category": "Fresh Fruits", "name": "Pomelo 4 Colour Gift Box", "price": "$18.88", "sale_price": "", "previous_price": "", "image_url": "https://assets.shop.loblaws.ca/products/21372028001/b3/en/front/21372028001_front_a06_@2.png", "link": "https://www.loblaws.ca/pomelo-4-colour-gift-box/p/21372028001_EA?source=nspt", "brand": "", "package_size": "4.5 kg", "unit_price": "$0.42/100g", "stock": "Out of Stock", "points": "", "date_scraped": "2024-07-03T14:25:21.410233", "product_id": "fe8a74d5d25be4f7cbc43414b1383303", "organic": false},
{"store": "loblaws", "category": "Fresh Fruits", "name": "Red Seedless Grapes", "price": "$9.99", "sale_price": "", "previous_price": "", "image_url": "https://assets.shop.loblaws.ca/products/20286043001/b3/en/front/20286043001_front_a06_@2.png", "link": "https://www.loblaws.ca/red-seedless-grapes/p/20286043001_EA?source=nspt", "brand": "PC Organics", "package_size": "907 g", "unit_price": "$1.10/100g", "stock": "In stock", "points": "", "date_scraped": "2024-07-03T14:25:21.411793", "product_id": "1704abeee133d348899e91108e1d418c", "organic": false},
{"store": "loblaws", "category": "Fresh Fruits", "name": "Atemoya", "price": "$4.99", "sale_price": "", "previous_price": "", "image_url": "https://assets.shop.loblaws.ca/products/20965690001/b3/en/front/20965690001_front_a06_@2.png", "link": "https://www.loblaws.ca/atemoya/p/20965690001_EA?source=nspt", "brand": "", "package_size": "1 ea", "unit_price": "$4.99/1ea", "stock": "Out of Stock", "points": "", "date_scraped": "2024-07-03T14:25:21.413360", "product_id": "3664dd54a4c4729a9681ffbfb031592b", "organic": false},
{"store": "loblaws", "category": "Fresh Fruits", "name": "McIntosh Apples", "price": "about $1.32", "sale_price": "", "previous_price": "", "image_url": "https://assets.shop.loblaws.ca/products/20039956001/b3/en/front/20039956001_front_a06_@2.png", "link": "https://www.loblaws.ca/mcintosh-apples/p/20039956001_KG?source=nspt", "brand": "", "package_size": "$6.59/1kg", "unit_price": "$2.99/1lb", "stock": "In stock", "points": "", "date_scraped": "2024-07-03T14:25:21.414919", "product_id": "1b074944c3e815fd1175482ab3bc602a", "organic": false},
{"store": "loblaws", "category": "Deli Meat", "name": "Napoli-Style Pepperette", "price": "$4.59", "sale_price": "", "previous_price": "", "image_url": "https://assets.shop.loblaws.ca/products/20145813/b3/en/front/20145813_front_a06_@2.png", "link": "https://www.loblaws.ca/napoli-style-pepperette/p/20145813_KG?source=nspt", "brand": "Schneider", "package_size": "", "unit_price": "$4.59/100g", "stock": "In stock", "points": "", "date_scraped": "2024-07-03T14:25:21.417024", "product_id": "af9fc805c5fce8e3f51a1db59a1876b3", "organic": false},
{"store": "loblaws", "category": "Deli Meat", "name": "Hungarian Sausage", "price": "$2.99", "sale_price": "", "previous_price": "", "image_url": "https://assets.shop.loblaws.ca/products/20996143/b3/en/front/20996143_front_a06_@2.png", "link": "https://www.loblaws.ca/hungarian-sausage/p/20996143_KG?source=nspt", "brand": "Sikorski Sausages", "package_size": "", "unit_price": "$29.90/1kg", "stock": "In stock", "points": "", "date_scraped": "2024-07-03T14:25:21.420759", "product_id": "0008bd288c6761587314d95c2cc47b18", "organic": false},
{"store": "loblaws", "category": "Deli Meat", "name": "Dried Hunter Sausage", "price": "$3.99", "sale_price": "", "previous_price": "", "image_url": "https://assets.shop.loblaws.ca/products/20995623/b3/en/front/20995623_front_a06_@2.png", "link": "https://www.loblaws.ca/dried-hunter-sausage/p/20995623_KG?source=nspt", "brand": "Sikorski Sausages", "package_size": "", "unit_price": "$39.90/1kg", "stock": "In stock", "points": "", "date_scraped": "2024-07-03T14:25:21.422288", "product_id": "aa29fdd3a09e0c5a0d029c8c4623f6a8", "organic": false},
{"store": "loblaws", "category": "Deli Meat", "name": "Pepperettes On-the-go Sausage Sticks, Original Flavour", "price": "$4.29", "sale_price": "", "previous_price": "", "image_url": "https://assets.shop.loblaws.ca/products/21060737/b3/en/front/21060737_front_a06_@2.png", "link": "https://www.loblaws.ca/pepperettes-on-the-go-sausage-sticks-original-flav/p/21060737_EA?source=nspt", "brand": "Schneider", "package_size": "60 g", "unit_price": "$7.15/100g", "stock": "In stock", "points": "", "date_scraped": "2024-07-03T14:25:21.424297", "product_id": "10cb223f98a67f8df613c79218c27138", "organic": false},
{"store": "loblaws", "category": "Deli Meat", "name": "Pepperoni Hot", "price": "$4.99", "sale_price": "", "previous_price": "", "image_url": "https://assets.shop.loblaws.ca/products/21068373/b3/en/front/21068373_front_a06_@2.png", "link": "https://www.loblaws.ca/pepperoni-hot/p/21068373_EA?source=nspt", "brand": "Noah Martin", "package_size": "75 g", "unit_price": "$6.65/100g", "stock": "In stock", "points": "", "date_scraped": "2024-07-03T14:25:21.427315", "product_id": "dc2425f14b0af1b91b1d8ed05e41f3a5", "organic": false},
{"store": "loblaws", "category": "Fresh Vegetables", "name": "Cabbage, Green", "price": "about $4.77", "sale_price": "", "previous_price": "", "image_url": "https://assets.shop.loblaws.ca/products/20793034001/b3/en/front/20793034001_front_a06_@2.png", "link": "https://www.loblaws.ca/cabbage-green/p/20793034001_KG?source=nspt", "brand": "", "package_size": "$2.84/1kg", "unit_price": "$1.29/1lb", "stock": "In stock", "points": "", "date_scraped": "2024-07-03T14:25:21.429316", "product_id": "bcd4b721e1388c4cd65c059b08b7a47b", "organic": false},
{"store": "loblaws", "category": "Fresh Vegetables", "name": "White Mushrooms", "price": "", "sale_price": "2 FOR $6.00", "previous_price": "", "image_url": "https://assets.shop.loblaws.ca/products/21021499/b3/en/front/21021499_front_a06_@2.png", "link": "https://www.loblaws.ca/white-mushrooms/p/21021499_EA?source=nspt", "brand": "PC Organics", "package_size": "227 g", "unit_price": "$1.54/100g", "stock": "In stock", "points": "", "date_scraped": "2024-07-03T14:25:21.432938", "product_id": "04680e0a1caa693fb7ec4f7e11956d71", "organic": false},
{"store": "loblaws", "category": "Fresh Vegetables", "name": "Jalapeno Peppers", "price": "about $0.55", "sale_price": "", "previous_price": "", "image_url": "https://assets.shop.loblaws.ca/products/20088387001/b3/en/front/20088387001_front_a06_@2.png", "link": "https://www.loblaws.ca/jalapeno-peppers/p/20088387001_KG?source=nspt", "brand": "", "package_size": "$11.00/1kg", "unit_price": "$4.99/1lb", "stock": "In stock", "points": "", "date_scraped": "2024-07-03T14:25:21.435037", "product_id": "3647cf783f3503b3efc3215702bd373f", "organic": false},
{"store": "loblaws", "category": "Fresh Vegetables", "name": "Yellow Mini Potatoes", "price": "$4.99", "sale_price": "", "previous_price": "", "image_url": "https://assets.shop.loblaws.ca/products/21247300001/b3/en/front/21247300001_front_a06_@2.png", "link": "https://www.loblaws.ca/yellow-mini-potatoes/p/21247300001_EA?source=nspt", "brand": "President's Choice", "package_size": "0.68 kg", "unit_price": "$0.73/100g", "stock": "In stock", "points": "", "date_scraped": "2024-07-03T14:25:21.436643", "product_id": "f0093d0b64fe8240c365c3a48ad286f3", "organic": false},
{"store": "loblaws", "category": "Fresh Vegetables", "name": "White Onion", "price": "about $3.26", "sale_price": "", "previous_price": "", "image_url": "https://assets.shop.loblaws.ca/products/20003839001/b3/en/front/20003839001_front_a06_@2.png", "link": "https://www.loblaws.ca/white-onion/p/20003839001_KG?source=nspt", "brand": "", "package_size": "$8.80/1kg", "unit_price": "$3.99/1lb", "stock": "In stock", "points": "", "date_scraped": "2024-07-03T14:25:21.438752", "product_id": "3d1c7b38a8563b50de92ea16fc60e425", "organic": false},
{"store": "loblaws", "category": "Fresh Fruits", "name": "Sugar Cane", "price": "$2.99", "sale_price": "", "previous_price": "", "image_url": "https://assets.shop.loblaws.ca/products/20708073001/b3/en/front/20708073001_front_a06_@2.png", "link": "https://www.loblaws.ca/sugar-cane/p/20708073001_EA?source=nspt", "brand": "", "package_size": "1 ea", "unit_price": "$2.99/1ea", "stock": "Out of Stock", "points": "", "date_scraped": "2024-07-03T14:25:21.440887", "product_id": "b7c1766dbaa75b0d4534764097728dd2", "organic": false},
{"store": "loblaws", "category": "Fresh Fruits", "name": "Fresh Kiwi Fruit", "price": "$5.99", "sale_price": "", "previous_price": "", "image_url": "https://assets.shop.loblaws.ca/products/21099138001/b3/en/front/21099138001_front_a06_@2.png", "link": "https://www.loblaws.ca/fresh-kiwi-fruit/p/21099138001_EA?source=nspt", "brand": "", "package_size": "600 g", "unit_price": "$1.00/100g", "stock": "Low Stock", "points": "", "date_scraped": "2024-07-03T14:25:21.442473", "product_id": "7752055302effd18dec89752580c389c", "organic": false},
{"store": "loblaws", "category": "Fresh Fruits", "name": "Red Grapefruit, 3 lb Bag", "price": "$6.99", "sale_price": "", "previous_price": "", "image_url": "https://assets.shop.loblaws.ca/products/20118409001/b3/en/front/20118409001_front_a06_@2.png", "link": "https://www.loblaws.ca/red-grapefruit-3-lb-bag/p/20118409001_EA?source=nspt", "brand": "Farmer's Market", "package_size": "1.36 kg", "unit_price": "$0.51/100g", "stock": "In stock", "points": "", "date_scraped": "2024-07-03T14:25:21.445635", "product_id": "40780195c29de4503987297047758927", "organic": false},
{"store": "loblaws", "category": "Fresh Fruits", "name": "White Peaches", "price": "about $1.65", "sale_price": "", "previous_price": "", "image_url": "https://assets.shop.loblaws.ca/products/20109121001/b3/en/front/20109121001_front_a06_@2.png", "link": "https://www.loblaws.ca/white-peaches/p/20109121001_KG?source=nspt", "brand": "", "package_size": "$11.00/1kg", "unit_price": "$4.99/1lb", "stock": "In stock", "points": "", "date_scraped": "2024-07-03T14:25:21.448809", "product_id": "5f8ea2e7c650140cbd650d3da5dea41d", "organic": false},
{"store": "loblaws", "category": "Deli Meat", "name": "Country Store Pepperoni Minis Mild", "price": "$6.99", "sale_price": "", "previous_price": "", "image_url": "https://assets.shop.loblaws.ca/products/21155913/b3/en/front/21155913_front_a06_@2.png", "link": "https://www.loblaws.ca/country-store-pepperoni-minis-mild/p/21155913_EA?source=nspt", "brand": "Noah Martin", "package_size": "125 g", "unit_price": "$5.59/100g", "stock": "In stock", "points": "", "date_scraped": "2024-07-03T14:25:21.452107", "product_id": "105cab37bc8e28c6875ac6fe1ed96177", "organic": false},
{"store": "loblaws", "category": "Deli Meat", "name": "Turkey Pepperoni, Mild", "price": "$1.99", "sale_price": "", "previous_price": "", "image_url": "https://assets.shop.loblaws.ca/products/20793411/b3/en/front/20793411_front_a06_@2.png", "link": "https://www.loblaws.ca/turkey-pepperoni-mild/p/20793411_EA?source=nspt", "brand": "Noah Martin", "package_size": "50 g", "unit_price": "$3.98/100g", "stock": "In stock", "points": "", "date_scraped": "2024-07-03T14:25:21.454170", "product_id": "e73fec17d5228d09d0cb85ab74ea2f37", "organic": false},
{"store": "loblaws", "category": "Deli Meat", "name": "Smoke House Naturally Smoked Pepperoni Honey Garlic", "price": "$6.00", "sale_price": "", "previous_price": "", "image_url": "https://assets.shop.loblaws.ca/products/21507915/b3/en/front/21507915_front_a06_@2.png", "link": "https://www.loblaws.ca/smoke-house-naturally-smoked-pepperoni-honey-garli/p/21507915_EA?source=nspt", "brand": "Gold Label", "package_size": "225 g", "unit_price": "$2.67/100g", "stock": "In stock", "points": "", "date_scraped": "2024-07-03T14:25:21.455701", "product_id": "dc06ceafb89d52815bfdddf15b92f11d", "organic": false},
{"store": "loblaws", "category": "Deli Meat", "name": "Country Store Turkey Pepperoni", "price": "$4.99", "sale_price": "", "previous_price": "", "image_url": "https://assets.shop.loblaws.ca/products/21068376/b3/en/front/21068376_front_a06_@2.png", "link": "https://www.loblaws.ca/country-store-turkey-pepperoni/p/21068376_EA?source=nspt", "brand": "Noah Martin", "package_size": "75 g", "unit_price": "$6.65/100g", "stock": "In stock", "points": "", "date_scraped": "2024-07-03T14:25:21.456708", "product_id": "97af92d028d19ba0ef90e8687c37cac5", "organic": false},
{"store": "loblaws", "category": "Deli Meat", "name": "Village Sausage", "price": "$3.29", "sale_price": "", "previous_price": "", "image_url": "https://assets.shop.loblaws.ca/products/20996141/b3/en/front/20996141_front_a06_@2.png", "link": "https://www.loblaws.ca/village-sausage/p/20996141_KG?source=nspt", "brand": "Sikorski Sausages", "package_size": "", "unit_price": "$32.90/1kg", "stock": "In stock", "points": "", "date_scraped": "2024-07-03T14:25:21.458280", "product_id": "f87ea0b0f04a667e467f72ae19fb6be8", "organic": false},
{"store": "loblaws", "category": "Deli Meat", "name": "Pepperettes On-the-go Sausage Sticks, Hot Pepperoni", "price": "$4.29", "sale_price": "", "previous_price": "", "image_url": "https://assets.shop.loblaws.ca/products/21060769/b3/en/front/21060769_front_a06_@2.png", "link": "https://www.loblaws.ca/pepperettes-on-the-go-sausage-sticks-hot-pepperoni/p/21060769_EA?source=nspt", "brand": "Schneider", "package_size": "60 g", "unit_price": "$7.15/100g", "stock": "In stock", "points": "", "date_scraped": "2024-07-03T14:25:21.459852", "product_id": "29a9f6567bde73831d3155d595383b5e", "organic": false},
{"store": "loblaws", "category": "Fresh Vegetables", "name": "Mixed Peppers (6 Pack)", "price": "$8.99", "sale_price": "", "previous_price": "", "image_url": "https://assets.shop.loblaws.ca/products/21030970001/b3/en/front/21030970001_front_a06_@2.png", "link": "https://www.loblaws.ca/mixed-peppers-6-pack/p/21030970001_EA?source=nspt", "brand": "Farmer's Market", "package_size": "6x1.0 ea", "unit_price": "$1.50/1ea", "stock": "In stock", "points": "", "date_scraped": "2024-07-03T14:25:21.462001", "product_id": "505eb1a652bf72d42247dfbe6a87d293", "organic": false},
{"store": "loblaws", "category": "Fresh Vegetables", "name": "Organic, Red Kale", "price": "$4.99", "sale_price": "", "previous_price": "", "image_url": "https://assets.shop.loblaws.ca/products/21095251001/b3/en/front/21095251001_front_a06_@2.png", "link": "https://www.loblaws.ca/organic-red-kale/p/21095251001_EA?source=nspt", "brand": "", "package_size": "1", "unit_price": "bunch", "stock": "In stock", "points": "", "date_scraped": "2024-07-03T14:25:21.463569", "product_id": "2f10a90933161c38391ae14a3e1265ee", "organic": true},
{"store": "loblaws", "category": "Fresh Vegetables", "name": "Organic Cauliflower", "price": "$5.99", "sale_price": "", "previous_price": "", "image_url": "https://assets.shop.loblaws.ca/products/20001440001/b3/en/front/20001440001_front_a06_@2.png", "link": "https://www.loblaws.ca/organic-cauliflower/p/20001440001_EA?source=nspt", "brand": "PC Organics", "package_size": "1 ea", "unit_price": "$5.99/1ea", "stock": "In stock", "points": "", "date_scraped": "2024-07-03T14:25:21.465664", "product_id": "2cbd18b93483ebd73842dc11573ec555", "organic": true},
{"store": "loblaws", "category": "Fresh Vegetables", "name": "Kabocha Squash", "price": "about $12.16", "sale_price": "", "previous_price": "", "image_url": "https://assets.shop.loblaws.ca/products/20326319001/b3/en/front/20326319001_front_a06_@2.png", "link": "https://www.loblaws.ca/kabocha-squash/p/20326319001_KG?source=nspt", "brand": "", "package_size": "$5.93/1kg", "unit_price": "$2.69/1lb", "stock": "Out of Stock", "points": "", "date_scraped": "2024-07-03T14:25:21.467225", "product_id": "2b1228b685d03654c62c9c1ae3370914", "organic": false},
{"store": "loblaws", "category": "Fresh Fruits", "name": "Apricots", "price": "about $1.08", "sale_price": "", "previous_price": "", "image_url": "https://assets.shop.loblaws.ca/products/20092504001/b3/en/front/20092504001_front_a06_@2.png", "link": "https://www.loblaws.ca/apricots/p/20092504001_KG?source=nspt", "brand": "", "package_size": "$15.41/1kg", "unit_price": "$6.99/1lb", "stock": "In stock", "points": "", "date_scraped": "2024-07-03T14:25:21.471931", "product_id": "eee4140b006238ba827bce7eb503b219", "organic": false},
{"store": "loblaws", "category": "Deli Meat", "name": "Pepperettes\u00ae On-the-go\u00ae Sausage Sticks, Pepperoni", "price": "$4.29", "sale_price": "", "previous_price": "", "image_url": "https://assets.shop.loblaws.ca/products/21060808/b3/en/front/21060808_front_a06_@2.png", "link": "https://www.loblaws.ca/pepperettes-on-the-go-sausage-sticks-pepperoni/p/21060808_EA?source=nspt", "brand": "Schneider", "package_size": "60 g", "unit_price": "$7.15/100g", "stock": "In stock", "points": "", "date_scraped": "2024-07-03T14:25:21.475570", "product_id": "dcc827eb10a3a61d828923cff6180be6", "organic": false},
{"store": "loblaws", "category": "Deli Meat", "name": "BBQ Debrecyna", "price": "$2.49", "sale_price": "", "previous_price": "", "image_url": "https://assets.shop.loblaws.ca/products/20996146/b3/en/front/20996146_front_a06_@2.png", "link": "https://www.loblaws.ca/bbq-debrecyna/p/20996146_KG?source=nspt", "brand": "Sikorski Sausages", "package_size": "", "unit_price": "$24.90/1kg", "stock": "In stock", "points": "", "date_scraped": "2024-07-03T14:25:21.477672", "product_id": "8ab2088ac614be5a2280b4bff50b9f51", "organic": false},
{"store": "loblaws", "category": "Deli Meat", "name": "Lean BBQ Sausage", "price": "$2.49", "sale_price": "", "previous_price": "", "image_url": "https://assets.shop.loblaws.ca/products/20995534/b3/en/front/20995534_front_a06_@2.png", "link": "https://www.loblaws.ca/lean-bbq-sausage/p/20995534_KG?source=nspt", "brand": "Sikorski Sausages", "package_size": "", "unit_price": "$24.90/1kg", "stock": "In stock", "points": "", "date_scraped": "2024-07-03T14:25:21.480283", "product_id": "a7dacd67e0a23c1e4cd9b8645d2452c3", "organic": false},
{"store": "loblaws", "category": "Deli Meat", "name": "Chorizo Sausage", "price": "$3.29", "sale_price": "", "previous_price": "", "image_url": "https://assets.shop.loblaws.ca/products/20996150/b3/en/front/20996150_front_a06_@2.png", "link": "https://www.loblaws.ca/chorizo-sausage/p/20996150_KG?source=nspt", "brand": "Sikorski Sausages", "package_size": "", "unit_price": "$32.90/1kg", "stock": "In stock", "points": "", "date_scraped": "2024-07-03T14:25:21.482860", "product_id": "e26fccd1404ed2f53a08fb2fae584ebe", "organic": false},
{"store": "loblaws", "category": "Deli Meat", "name": "Dry Cured Sausage Snacks Smoking Sweet Bbq", "price": "$3.99", "sale_price": "", "previous_price": "", "image_url": "https://assets.shop.loblaws.ca/products/21562734/b3/en/front/21562734_front_a06_@2.png", "link": "https://www.loblaws.ca/dry-cured-sausage-snacks-smoking-sweet-bbq/p/21562734_EA?source=nspt", "brand": "Pillers", "package_size": "75 g", "unit_price": "$5.32/100g", "stock": "Out of Stock", "points": "", "date_scraped": "2024-07-03T14:25:38.027356", "product_id": "660c15036929a24ec50fac2efa21b547", "organic": false},
{"store": "loblaws", "category": "Fresh Fruits", "name": "Black Figs", "price": "$7.99", "sale_price": "", "previous_price": "", "image_url": "https://assets.shop.loblaws.ca/products/21165372001/b3/en/front/21165372001_front_a06_@2.png", "link": "https://www.loblaws.ca/black-figs/p/21165372001_EA?source=nspt", "brand": "", "package_size": "340 g", "unit_price": "$2.35/100g", "stock": "Out of Stock", "points": "", "date_scraped": "2024-07-03T14:25:38.039903", "product_id": "242ec20186a7bc11b65ddf5cc572a589", "organic": false},
{"store": "loblaws", "category": "Fresh Vegetables", "name": "Organic, Red Kale", "price": "$4.99", "sale_price": "", "previous_price": "", "image_url": "https://assets.shop.loblaws.ca/products/21095251001/b3/en/front/21095251001_front_a06_@2.png", "link": "https://www.loblaws.ca/organic-red-kale/p/21095251001_EA?source=nspt", "brand": "", "package_size": "1", "unit_price": "bunch", "stock": "In stock", "points": "", "date_scraped": "2024-07-03T14:25:38.050157", "product_id": "2f10a90933161c38391ae14a3e1265ee", "organic": true},
{"store": "loblaws", "category": "Deli Meat", "name": "Country Store Pepperoni Mild", "price": "$4.99", "sale_price": "", "previous_price": "", "image_url": "https://assets.shop.loblaws.ca/products/21087083/b3/en/front/21087083_front_a06_@2.png", "link": "https://www.loblaws.ca/country-store-pepperoni-mild/p/21087083_EA?source=nspt", "brand": "Noah Martin", "package_size": "75 g", "unit_price": "$6.65/100g", "stock": "In stock", "points": "", "date_scraped": "2024-07-03T14:25:38.051717", "product_id": "8c205b3d6b7e40f1542e3c7b8df461e9", "organic": false},
{"store": "loblaws", "category": "Deli Meat", "name": "Free From Pepperello", "price": "$13.99", "sale_price": "", "previous_price": "", "image_url": "https://assets.shop.loblaws.ca/products/20682944/b3/en/front/20682944_front_a06_@2.png", "link": "https://www.loblaws.ca/free-from-pepperello/p/20682944_EA?source=nspt", "brand": "President's Choice", "package_size": "375 g", "unit_price": "$37.31/1kg $3.73/100g", "stock": "In stock", "points": "", "date_scraped": "2024-07-03T14:25:38.052765", "product_id": "3efd75572354a521b29d30bbb16d2e52", "organic": false},
{"store": "loblaws", "category": "Deli Meat", "name": "Head Cheese", "price": "$2.19", "sale_price": "", "previous_price": "", "image_url": "https://assets.shop.loblaws.ca/products/20995628/b3/en/front/20995628_front_a06_@2.png", "link": "https://www.loblaws.ca/head-cheese/p/20995628_KG?source=nspt", "brand": "Sikorski Sausages", "package_size": "", "unit_price": "$21.90/1kg", "stock": "In stock", "points": "", "date_scraped": "2024-07-03T14:25:38.054276", "product_id": "7d54c6ea979695f555a13bd2680292f0", "organic": false},
{"store": "loblaws", "category": "Deli Meat", "name": "Dry Cured Sausage Snacks Sensational Sour Cream & Onion", "price": "$3.99", "sale_price": "", "previous_price": "", "image_url": "https://assets.shop.loblaws.ca/products/21562735/b3/en/front/21562735_front_a06_@2.png", "link": "https://www.loblaws.ca/dry-cured-sausage-snacks-sensational-sour-cream-on/p/21562735_EA?source=nspt", "brand": "Pillers", "package_size": "75 g", "unit_price": "$5.32/100g", "stock": "Out of Stock", "points": "", "date_scraped": "2024-07-03T14:25:38.055282", "product_id": "ed9543cae77ffb6f727227b96f27dc64", "organic": false},
{"store": "loblaws", "category": "Deli Meat", "name": "Kabanos Sausage", "price": "$3.49", "sale_price": "", "previous_price": "", "image_url": "https://assets.shop.loblaws.ca/products/20996145/b3/en/front/20996145_front_a06_@2.png", "link": "https://www.loblaws.ca/kabanos-sausage/p/20996145_KG?source=nspt", "brand": "Sikorski Sausages", "package_size": "", "unit_price": "$34.90/1kg", "stock": "In stock", "points": "", "date_scraped": "2024-07-03T14:25:38.056819", "product_id": "f587a5566e30d37ea68ae451c5abac6e", "organic": false},
{"store": "loblaws", "category": "Deli Meat", "name": "Double Smoked Bacon", "price": "$3.19", "sale_price": "", "previous_price": "", "image_url": "https://assets.shop.loblaws.ca/products/20996153/b3/en/front/20996153_front_a06_@2.png", "link": "https://www.loblaws.ca/double-smoked-bacon/p/20996153_KG?source=nspt", "brand": "Sikorski Sausages", "package_size": "", "unit_price": "$31.90/1kg", "stock": "In stock", "points": "", "date_scraped": "2024-07-03T14:25:38.057855", "product_id": "143990e708c8e821edfd932f1892b1cd", "organic": false},
{"store": "loblaws", "category": "Deli Meat", "name": "Pepperoni Original Cup & Char Style", "price": "$8.49", "sale_price": "", "previous_price": "", "image_url": "https://assets.shop.loblaws.ca/products/21607082/b3/en/front/21607082_front_a06_@2.png", "link": "https://www.loblaws.ca/pepperoni-original-cup-char-style/p/21607082_EA?source=nspt", "brand": "Venetian", "package_size": "300 g", "unit_price": "$2.83/100g", "stock": "In stock", "points": "", "date_scraped": "2024-07-03T14:25:38.059380", "product_id": "6b4ac7e51039f6940eec0ac06a4f027e", "organic": false},
{"store": "loblaws", "category": "Deli Meat", "name": "Smoke House Naturally Smoked Pepperoni Hot & Spicy", "price": "$6.00", "sale_price": "", "previous_price": "", "image_url": "https://assets.shop.loblaws.ca/products/21507918/b3/en/front/21507918_front_a06_@2.png", "link": "https://www.loblaws.ca/smoke-house-naturally-smoked-pepperoni-hot-spicy/p/21507918_EA?source=nspt", "brand": "Gold Label", "package_size": "225 g", "unit_price": "$2.67/100g", "stock": "In stock", "points": "", "date_scraped": "2024-07-03T14:25:38.061579", "product_id": "3a88818cf86993c8d3312f3527efc58e", "organic": false},
{"store": "loblaws", "category": "Fresh Fruits", "name": "Granny Smith Apples, 3 lb Bag", "price": "$9.99", "sale_price": "", "previous_price": "", "image_url": "https://assets.shop.loblaws.ca/products/20725795001/b3/en/front/20725795001_front_a06_@2.png", "link": "https://www.loblaws.ca/granny-smith-apples-3-lb-bag/p/20725795001_EA?source=nspt", "brand": "PC Organics", "package_size": "1.36 kg", "unit_price": "$0.73/100g", "stock": "In stock", "points": "", "date_scraped": "2024-07-03T14:25:38.065277", "product_id": "4c2524fa1aab549c68538c90ac06e31c", "organic": false},
{"store": "loblaws", "category": "Fresh Fruits", "name": "Avocados, Bag", "price": "$7.49", "sale_price": "", "previous_price": "", "image_url": "https://assets.shop.loblaws.ca/products/20680596001/b3/en/front/20680596001_front_a06_@2.png", "link": "https://www.loblaws.ca/avocados-bag/p/20680596001_EA?source=nspt", "brand": "PC Organics", "package_size": "3 pack", "unit_price": "$2.50/1ea", "stock": "Out of Stock", "points": "", "date_scraped": "2024-07-03T14:25:38.067888", "product_id": "d76df105120904d804f10dbfc814ee1c", "organic": false},
{"store": "loblaws", "category": "Fresh Fruits", "name": "Organic Bartlett Pears", "price": "about $1.54", "sale_price": "", "previous_price": "", "image_url": "https://assets.shop.loblaws.ca/products/20061097001/b3/en/front/20061097001_front_a06_@2.png", "link": "https://www.loblaws.ca/organic-bartlett-pears/p/20061097001_KG?source=nspt", "brand": "PC Organics", "package_size": "$7.69/1kg", "unit_price": "$3.49/1lb", "stock": "In stock", "points": "", "date_scraped": "2024-07-03T14:25:38.071036", "product_id": "115286065d039545241505b47f945cae", "organic": true},
{"store": "loblaws", "category": "Fresh Fruits", "name": "Granny Smith Apples, 4 lb Bag", "price": "$9.99", "sale_price": "", "previous_price": "", "image_url": "https://assets.shop.loblaws.ca/products/20128645001/b3/en/front/20128645001_front_a06_@2.png", "link": "https://www.loblaws.ca/granny-smith-apples-4-lb-bag/p/20128645001_EA?source=nspt", "brand": "Farmer's Market", "package_size": "1.81 kg", "unit_price": "$0.55/100g", "stock": "In stock", "points": "", "date_scraped": "2024-07-03T14:25:38.072750", "product_id": "ab986f70fbf27f4e86ad7fbd99c9e7b6", "organic": false},
{"store": "loblaws", "category": "Fresh Vegetables", "name": "Roma Tomatoes", "price": "$7.99", "sale_price": "", "previous_price": "", "image_url": "https://assets.shop.loblaws.ca/products/20887498001/b3/en/front/20887498001_front_a06_@2.png", "link": "https://www.loblaws.ca/roma-tomatoes/p/20887498001_EA?source=nspt", "brand": "Farmer's Market", "package_size": "1 ea", "unit_price": "$0.59/100g", "stock": "In stock", "points": "", "date_scraped": "2024-07-03T14:25:38.075404", "product_id": "e994d7666806a6bb64889042a3867b2c", "organic": false},
{"store": "loblaws", "category": "Fresh Vegetables", "name": "Pearl Onion", "price": "$3.99", "sale_price": "", "previous_price": "", "image_url": "https://assets.shop.loblaws.ca/products/21083917001/b3/en/front/21083917001_front_a06_@2.png", "link": "https://www.loblaws.ca/pearl-onion/p/21083917001_EA?source=nspt", "brand": "", "package_size": "250 g", "unit_price": "$1.60/100g", "stock": "In stock", "points": "", "date_scraped": "2024-07-03T14:25:38.076963", "product_id": "cbb285bdbbdc679fa64cdc83e47f00cf", "organic": false},
{"store": "loblaws", "category": "Fresh Vegetables", "name": "Organic Rainbow Carrots", "price": "$5.99", "sale_price": "", "previous_price": "", "image_url": "https://assets.shop.loblaws.ca/products/20908098001/b3/en/front/20908098001_front_a06_@2.png", "link": "https://www.loblaws.ca/organic-rainbow-carrots/p/20908098001_EA?source=nspt", "brand": "", "package_size": "1 bunch", "unit_price": "$5.99/1ea", "stock": "In stock", "points": "", "date_scraped": "2024-07-03T14:25:38.078536", "product_id": "963ef38075adf3a6e7c07c8df21de6fc", "organic": true},
{"store": "loblaws", "category": "Fresh Vegetables", "name": "Organic Beet Bunch", "price": "$5.99", "sale_price": "", "previous_price": "", "image_url": "https://assets.shop.loblaws.ca/products/21095252001/b3/en/front/21095252001_front_a06_@2.png", "link": "https://www.loblaws.ca/organic-beet-bunch/p/21095252001_EA?source=nspt", "brand": "", "package_size": "699 g", "unit_price": "$0.86/100g", "stock": "In stock", "points": "", "date_scraped": "2024-07-03T14:25:38.081741", "product_id": "4bc3f53595bd69b494cb4d8288f24bcb", "organic": true},
{"store": "loblaws", "category": "Fresh Vegetables", "name": "White Potatoes, 10 lb Bag", "price": "$8.99", "sale_price": "", "previous_price": "", "image_url": "https://assets.shop.loblaws.ca/products/20112070001/b3/en/front/20112070001_front_a06_@2.png", "link": "https://www.loblaws.ca/white-potatoes-10-lb-bag/p/20112070001_EA?source=nspt", "brand": "", "package_size": "4.536 kg", "unit_price": "$0.20/100g", "stock": "In stock", "points": "", "date_scraped": "2024-07-03T14:25:38.084316", "product_id": "d2c2872089cf2c5a51ca7ad77482cb20", "organic": false},
{"store": "loblaws", "category": "Deli Meat", "name": "Dry Cured Sausage Snacks Dill-Icious Pickle", "price": "$3.99", "sale_price": "", "previous_price": "", "image_url": "https://assets.shop.loblaws.ca/products/21560312/b3/en/front/21560312_front_a06_@2.png", "link": "https://www.loblaws.ca/dry-cured-sausage-snacks-dill-icious-pickle/p/21560312_EA?source=nspt", "brand": "Pillers", "package_size": "75 g", "unit_price": "$5.32/100g", "stock": "Out of Stock", "points": "", "date_scraped": "2024-07-03T14:25:38.086333", "product_id": "35006365267facb784c34bb543cd1f21", "organic": false},
{"store": "loblaws", "category": "Deli Meat", "name": "Dry Hungarian Sausage", "price": "$3.99", "sale_price": "", "previous_price": "", "image_url": "https://assets.shop.loblaws.ca/products/20995629/b3/en/front/20995629_front_a06_@2.png", "link": "https://www.loblaws.ca/dry-hungarian-sausage/p/20995629_KG?source=nspt", "brand": "Sikorski Sausages", "package_size": "", "unit_price": "$39.90/1kg", "stock": "In stock", "points": "", "date_scraped": "2024-07-03T14:25:38.088909", "product_id": "bdc7bd03aea6a75a8866b8d1fdbe493e", "organic": false},
{"store": "loblaws", "category": "Deli Meat", "name": "Olive Pimento Loaf (Thin Sliced)", "price": "$2.89", "sale_price": "", "previous_price": "", "image_url": "https://assets.shop.loblaws.ca/products/20321309/b3/en/front/20321309_front_a06_@2.png", "link": "https://www.loblaws.ca/olive-pimento-loaf-thin-sliced/p/20321309_KG?source=nspt", "brand": "Brandt", "package_size": "", "unit_price": "$28.90/1kg", "stock": "In stock", "points": "", "date_scraped": "2024-07-03T14:25:38.091023", "product_id": "1ca9e854f91c5a289e8317e2a0d2cc9d", "organic": false},
{"store": "loblaws", "category": "Deli Meat", "name": "Country Store Pepperoni Minis Turkey", "price": "$7.99", "sale_price": "", "previous_price": "", "image_url": "https://assets.shop.loblaws.ca/products/21155939/b3/en/front/21155939_front_a06_@2.png", "link": "https://www.loblaws.ca/country-store-pepperoni-minis-turkey/p/21155939_EA?source=nspt", "brand": "Noah Martin", "package_size": "125 g", "unit_price": "$6.39/100g", "stock": "In stock", "points": "", "date_scraped": "2024-07-03T14:25:38.092030", "product_id": "79c45cbc20cdb2f4347635440dc4349d", "organic": false},
{"store": "loblaws", "category": "Deli Meat", "name": "Sikorski Pork Loin Single Smoked Sausage", "price": "$2.99", "sale_price": "", "previous_price": "", "image_url": "https://assets.shop.loblaws.ca/products/20996149/b3/en/front/20996149_front_a06_@2.png", "link": "https://www.loblaws.ca/sikorski-pork-loin-single-smoked-sausage/p/20996149_KG?source=nspt", "brand": "Sikorski Sausages", "package_size": "", "unit_price": "$29.90/1kg", "stock": "In stock", "points": "", "date_scraped": "2024-07-03T14:25:38.095184", "product_id": "576a1b5c11c9185f8aebe33726743541", "organic": false},
{"store": "loblaws", "category": "Fresh Fruits", "name": "Sweet & Sour Tamarind", "price": "$5.99", "sale_price": "", "previous_price": "", "image_url": "https://assets.shop.loblaws.ca/products/21566812001/b3/en/front/21566812001_front_a06_@2.png", "link": "https://www.loblaws.ca/sweet-sour-tamarind/p/21566812001_EA?source=nspt", "brand": "", "package_size": "500 g", "unit_price": "$1.20/100g", "stock": "In stock", "points": "", "date_scraped": "2024-07-03T14:25:38.097276", "product_id": "c81e6f2c07bc2cd9fe2811dd832a4372", "organic": false},
{"store": "loblaws", "category": "Fresh Fruits", "name": "Forelle Pears", "price": "about $1.45", "sale_price": "", "previous_price": "", "image_url": "https://assets.shop.loblaws.ca/products/20143210001/b3/en/front/20143210001_front_a06_@2.png", "link": "https://www.loblaws.ca/forelle-pears/p/20143210001_KG?source=nspt", "brand": "", "package_size": "$6.59/1kg", "unit_price": "$2.99/1lb", "stock": "Out of Stock", "points": "", "date_scraped": "2024-07-03T14:25:38.100486", "product_id": "cd1c0866ac18e04a393932daffc84b1f", "organic": false},
{"store": "loblaws", "category": "Fresh Fruits", "name": "Papaya", "price": "about $5.71", "sale_price": "", "previous_price": "", "image_url": "https://assets.shop.loblaws.ca/products/20817066001/b3/en/front/20817066001_front_a06_@2.png", "link": "https://www.loblaws.ca/papaya/p/20817066001_KG?source=nspt", "brand": "", "package_size": "$4.39/1kg", "unit_price": "$1.99/1lb", "stock": "Out of Stock", "points": "", "date_scraped": "2024-07-03T14:25:38.103152", "product_id": "f5ceb3e42697c182e712e86ca2fab423", "organic": false},
{"store": "loblaws", "category": "Fresh Fruits", "name": "Black Plums", "price": "about $0.88", "sale_price": "", "previous_price": "", "image_url": "https://assets.shop.loblaws.ca/products/20316478001/b3/en/front/20316478001_front_a06_@2.png", "link": "https://www.loblaws.ca/black-plums/p/20316478001_KG?source=nspt", "brand": "", "package_size": "$8.80/1kg", "unit_price": "$3.99/1lb", "stock": "In stock", "points": "", "date_scraped": "2024-07-03T14:25:38.105670", "product_id": "3fc75c5b053e48897b1ac69a940bddd5", "organic": false},
{"store": "loblaws", "category": "Fresh Vegetables", "name": "Beta Sweet Carrots", "price": "$5.99", "sale_price": "", "previous_price": "", "image_url": "https://assets.shop.loblaws.ca/products/20536191/b3/en/front/20536191_front_a06_@2.png", "link": "https://www.loblaws.ca/beta-sweet-carrots/p/20536191_EA?source=nspt", "brand": "", "package_size": "1 bunch", "unit_price": "$5.99/1ea", "stock": "Out of Stock", "points": "", "date_scraped": "2024-07-03T14:25:38.108277", "product_id": "e5f5ea276391a23797a9e18e7fd2b3df", "organic": false},
{"store": "loblaws", "category": "Fresh Vegetables", "name": "Cocktail Tomatoes ", "price": "$4.99", "sale_price": "", "previous_price": "", "image_url": "https://assets.shop.loblaws.ca/products/20779176001/b3/en/front/20779176001_front_a06_@2.png", "link": "https://www.loblaws.ca/cocktail-tomatoes/p/20779176001_EA?source=nspt", "brand": "President's Choice", "package_size": "340 g", "unit_price": "$1.47/100g", "stock": "In stock", "points": "", "date_scraped": "2024-07-03T14:25:38.110853", "product_id": "0daa3aaa8d77db0c877d8ccc5aa96437", "organic": false},
{"store": "loblaws", "category": "Fresh Vegetables", "name": "Coloured Carrots", "price": "$4.99", "sale_price": "", "previous_price": "", "image_url": "https://assets.shop.loblaws.ca/products/20997816001/b3/en/front/20997816001_front_a06_@2.png", "link": "https://www.loblaws.ca/coloured-carrots/p/20997816001_EA?source=nspt", "brand": "", "package_size": "454 g", "unit_price": "$1.10/100g", "stock": "In stock", "points": "", "date_scraped": "2024-07-03T14:25:38.112867", "product_id": "85c213475f23195d6364cdafd4062e29", "organic": false},
{"store": "loblaws", "category": "Fresh Vegetables", "name": "Lemongrass", "price": "$1.69", "sale_price": "", "previous_price": "", "image_url": "https://assets.shop.loblaws.ca/products/20562078/b3/en/front/20562078_front_a06_@2.png", "link": "https://www.loblaws.ca/lemongrass/p/20562078_EA?source=nspt", "brand": "", "package_size": "1 ea", "unit_price": "$1.69/1ea", "stock": "Out of Stock", "points": "", "date_scraped": "2024-07-03T14:25:38.114436", "product_id": "44fd6126125e1d3000b6127406d58d9e", "organic": false},
{"store": "loblaws", "category": "Fresh Vegetables", "name": "Radicchio Treviso", "price": "$13.21", "sale_price": "", "previous_price": "", "image_url": "https://assets.shop.loblaws.ca/products/21456117001/b3/en/front/21456117001_front_a06_@2.png", "link": "https://www.loblaws.ca/radicchio-treviso/p/21456117001_KG?source=nspt", "brand": "", "package_size": "", "unit_price": "$1.32/100g", "stock": "Low Stock", "points": "", "date_scraped": "2024-07-03T14:25:38.115964", "product_id": "9c0b6ff396283c19bcc425aeb0b721a6", "organic": false},
{"store": "loblaws", "category": "Fresh Fruits", "name": "Organic Raspberries 1/2 pint", "price": "$6.99", "sale_price": "", "previous_price": "", "image_url": "https://assets.shop.loblaws.ca/products/20056190001/b3/en/front/20056190001_front_a06_@2.png", "link": "https://www.loblaws.ca/organic-raspberries-1-2-pint/p/20056190001_EA?source=nspt", "brand": "", "package_size": "170 g", "unit_price": "$4.11/100g", "stock": "In stock", "points": "", "date_scraped": "2024-07-03T14:25:38.119012", "product_id": "764cfe0a611bfe620eab3416d8c71568", "organic": true},
{"store": "loblaws", "category": "Fresh Fruits", "name": "Nectarine", "price": "$9.99", "sale_price": "", "previous_price": "", "image_url": "https://assets.shop.loblaws.ca/products/21050490001/b3/en/front/21050490001_front_a06_@2.png", "link": "https://www.loblaws.ca/nectarine/p/21050490001_EA?source=nspt", "brand": "PC Organics", "package_size": "907 g", "unit_price": "$1.10/100g", "stock": "Out of Stock", "points": "", "date_scraped": "2024-07-03T14:25:38.120543", "product_id": "aa141ce06375a1705b82ac169c3086d9", "organic": false},
{"store": "loblaws", "category": "Fresh Fruits", "name": "Pink Guava", "price": "$7.00", "sale_price": "", "previous_price": "", "image_url": "https://assets.shop.loblaws.ca/products/21575914001/b3/en/front/21575914001_front_a06_@2.png", "link": "https://www.loblaws.ca/pink-guava/p/21575914001_EA?source=nspt", "brand": "President's Choice", "package_size": "1 ea", "unit_price": "$7.00/1ea", "stock": "Low Stock", "points": "", "date_scraped": "2024-07-03T14:25:38.122285", "product_id": "2c32174117e0c7d49d9dbf0eb0b038a7", "organic": false},
{"store": "loblaws", "category": "Fresh Fruits", "name": "Santa Claus Melons", "price": "about $10.44", "sale_price": "", "previous_price": "", "image_url": "https://assets.shop.loblaws.ca/products/21023094001/b3/en/front/21023094001_front_a06_@2.png", "link": "https://www.loblaws.ca/santa-claus-melons/p/21023094001_KG?source=nspt", "brand": "", "package_size": "$5.49/1kg", "unit_price": "$2.49/1lb", "stock": "In stock", "points": "", "date_scraped": "2024-07-03T14:25:38.123837", "product_id": "e5b7878d79e9e81fc908ff14338001fd", "organic": false},
{"store": "loblaws", "category": "Fresh Fruits", "name": "Donut Peach", "price": "$11.00", "sale_price": "", "previous_price": "", "image_url": "https://assets.shop.loblaws.ca/products/21313668001/b3/en/front/21313668001_front_a06_@2.png", "link": "https://www.loblaws.ca/donut-peach/p/21313668001_KG?source=nspt", "brand": "President's Choice", "package_size": "", "unit_price": "$11.00/1kg", "stock": "Out of Stock", "points": "", "date_scraped": "2024-07-03T14:25:38.125291", "product_id": "c0b5f0e2e4d8d88ae09d480d5c1bf8aa", "organic": false},
{"store": "loblaws", "category": "Fresh Fruits", "name": "Hami Melons", "price": "about $12.82", "sale_price": "", "previous_price": "", "image_url": "https://assets.shop.loblaws.ca/products/21051297001/b3/en/front/21051297001_front_a06_@2.png", "link": "https://www.loblaws.ca/hami-melons/p/21051297001_KG?source=nspt", "brand": "", "package_size": "$4.39/1kg", "unit_price": "$1.99/1lb", "stock": "In stock", "points": "", "date_scraped": "2024-07-03T14:25:38.127897", "product_id": "bd470d1a8687a77f53dd653ba30e42b2", "organic": false},
{"store": "loblaws", "category": "Fresh Vegetables", "name": "Baby Bok Choy Jr", "price": "about $5.15", "sale_price": "", "previous_price": "", "image_url": "https://assets.shop.loblaws.ca/products/20099639001/b3/en/front/20099639001_front_a06_@2.png", "link": "https://www.loblaws.ca/baby-bok-choy-jr/p/20099639001_KG?source=nspt", "brand": "", "package_size": "$7.69/1kg", "unit_price": "$3.49/1lb", "stock": "In stock", "points": "", "date_scraped": "2024-07-03T14:25:38.130883", "product_id": "47c625e0ba6e738d1960dbaacd95b28e", "organic": false},
{"store": "loblaws", "category": "Fresh Vegetables", "name": "Pink Oyster Mushroom", "price": "$8.99", "sale_price": "", "previous_price": "", "image_url": "https://assets.shop.loblaws.ca/products/21518589/b3/en/front/21518589_front_a06_@2.png", "link": "https://www.loblaws.ca/pink-oyster-mushroom/p/21518589_EA?source=nspt", "brand": "", "package_size": "200 g", "unit_price": "$4,495.00/100g", "stock": "Low Stock", "points": "", "date_scraped": "2024-07-03T14:25:38.132973", "product_id": "62a99776b9bec3eb424310931001d691", "organic": false},
{"store": "loblaws", "category": "Fresh Vegetables", "name": "Bluefoot Mushrooms", "price": "$1.93", "sale_price": "", "previous_price": "", "image_url": "https://assets.shop.loblaws.ca/products/20760903/b3/en/front/20760903_front_a06_@2.png", "link": "https://www.loblaws.ca/bluefoot-mushrooms/p/20760903_KG?source=nspt", "brand": "", "package_size": "$7.70/100g", "unit_price": "$77.03/1kg", "stock": "Out of Stock", "points": "", "date_scraped": "2024-07-03T14:25:38.136809", "product_id": "3471f82b0c6d047fc967023898709ba6", "organic": false},
{"store": "loblaws", "category": "Fresh Vegetables", "name": "Bi-Colour Corn", "price": "$5.99", "sale_price": "", "previous_price": "", "image_url": "https://assets.shop.loblaws.ca/products/20099629/b3/en/front/20099629_front_a06_@2.png", "link": "https://www.loblaws.ca/bi-colour-corn/p/20099629_EA?source=nspt", "brand": "", "package_size": "5 pack", "unit_price": "$5.99/1ea", "stock": "Out of Stock", "points": "", "date_scraped": "2024-07-03T14:25:38.139407", "product_id": "64e372b87450c3331e143fcd04ae95d6", "organic": false},
{"store": "loblaws", "category": "Fresh Fruits", "name": "Honeydew Melon", "price": "$6.99", "sale_price": "", "previous_price": "", "image_url": "https://assets.shop.loblaws.ca/products/20045276001/b3/en/front/20045276001_front_a06_@2.png", "link": "https://www.loblaws.ca/honeydew-melon/p/20045276001_EA?source=nspt", "brand": "", "package_size": "1 ea", "unit_price": "$6.99/1ea", "stock": "In stock", "points": "", "date_scraped": "2024-07-03T14:25:38.141414", "product_id": "fd10a16e8aca6b49d943f1f45746754c", "organic": false},
{"store": "loblaws", "category": "Fresh Fruits", "name": "Honeycrisp Apples 3Lb Bag", "price": "$10.99", "sale_price": "", "previous_price": "", "image_url": "https://assets.shop.loblaws.ca/products/21074888001/b3/en/front/21074888001_front_a06_@2.png", "link": "https://www.loblaws.ca/honeycrisp-apples-3lb-bag/p/21074888001_EA?source=nspt", "brand": "PC Organics", "package_size": "1.36 kg", "unit_price": "$0.81/100g", "stock": "In stock", "points": "", "date_scraped": "2024-07-03T14:25:38.142773", "product_id": "02c9ea50b3d6bb8c8385e2b7a8ec70f7", "organic": false},
{"store": "loblaws", "category": "Fresh Fruits", "name": "Cherries", "price": "$5.99", "sale_price": "", "previous_price": "", "image_url": "https://assets.shop.loblaws.ca/products/20117362001/b3/en/front/20117362001_front_a06_@2.png", "link": "https://www.loblaws.ca/cherries/p/20117362001_EA?source=nspt", "brand": "", "package_size": "454 g", "unit_price": "$1.32/100g", "stock": "In stock", "points": "", "date_scraped": "2024-07-03T14:25:38.144332", "product_id": "63a80556da21446c84db57d79beb5559", "organic": false},
{"store": "loblaws", "category": "Fresh Fruits", "name": "Golden Delicious Apples", "price": "about $1.45", "sale_price": "", "previous_price": "", "image_url": "https://assets.shop.loblaws.ca/products/20430790001/b3/en/front/20430790001_front_a06_@2.png", "link": "https://www.loblaws.ca/golden-delicious-apples/p/20430790001_KG?source=nspt", "brand": "", "package_size": "$6.59/1kg", "unit_price": "$2.99/1lb", "stock": "In stock", "points": "", "date_scraped": "2024-07-03T14:25:38.145338", "product_id": "c319d6040d0c4b9244435a139598fd72", "organic": false},
{"store": "loblaws", "category": "Fresh Fruits", "name": "Gourmet Rainier Cherries", "price": "about $11.01", "sale_price": "", "previous_price": "", "image_url": "https://assets.shop.loblaws.ca/products/20161181001/b3/en/front/20161181001_front_a06_@2.png", "link": "https://www.loblaws.ca/gourmet-rainier-cherries/p/20161181001_KG?source=nspt", "brand": "", "package_size": "$22.02/1kg", "unit_price": "$9.99/1lb", "stock": "Out of Stock", "points": "", "date_scraped": "2024-07-03T14:25:38.147275", "product_id": "650c721f8fe9b109b9156facf7cc367c", "organic": false},
{"store": "loblaws", "category": "Fresh Fruits", "name": "Honeycrisp Apples, 4 lb Bag", "price": "$8.99", "sale_price": "", "previous_price": "", "image_url": "https://assets.shop.loblaws.ca/products/20723960001/b3/en/front/20723960001_front_a06_@2.png", "link": "https://www.loblaws.ca/honeycrisp-apples-4-lb-bag/p/20723960001_EA?source=nspt", "brand": "Farmer's Market", "package_size": "1.81 kg", "unit_price": "$0.50/100g", "stock": "In stock", "points": "", "date_scraped": "2024-07-03T14:25:38.148833", "product_id": "d2cacc7036385799fc48ed15003efdcc", "organic": false},
{"store": "loblaws", "category": "Fresh Fruits", "name": "Flavour Burst Sungold Golden Kiwi", "price": "$7.99", "sale_price": "", "previous_price": "", "image_url": "https://assets.shop.loblaws.ca/products/20985015001/b3/en/front/20985015001_front_a06_@2.png", "link": "https://www.loblaws.ca/flavour-burst-sungold-golden-kiwi/p/20985015001_EA?source=nspt", "brand": "", "package_size": "454 g", "unit_price": "$1.76/100g", "stock": "Out of Stock", "points": "", "date_scraped": "2024-07-03T14:25:38.150363", "product_id": "02d2fff101224c64ca3b3089ee50420e", "organic": false},
{"store": "loblaws", "category": "Fresh Vegetables", "name": "Chinese Broccoli (gai lan)", "price": "about $3.35", "sale_price": "", "previous_price": "", "image_url": "https://assets.shop.loblaws.ca/products/20003604001/b3/en/front/20003604001_front_a06_@2.png", "link": "https://www.loblaws.ca/chinese-broccoli-gai-lan/p/20003604001_KG?source=nspt", "brand": "", "package_size": "$5.49/1kg", "unit_price": "$2.49/1lb", "stock": "In stock", "points": "", "date_scraped": "2024-07-03T14:25:38.152494", "product_id": "3ba50381a1d4aea56716c9209a4d94d1", "organic": false},
{"store": "loblaws", "category": "Fresh Vegetables", "name": "Jamaican Sweet Potatoes", "price": "about $6.16", "sale_price": "", "previous_price": "", "image_url": "https://assets.shop.loblaws.ca/products/20130919001/b3/en/front/20130919001_front_a06_@2.png", "link": "https://www.loblaws.ca/jamaican-sweet-potatoes/p/20130919001_KG?source=nspt", "brand": "", "package_size": "$15.41/1kg", "unit_price": "$6.99/1lb", "stock": "In stock", "points": "", "date_scraped": "2024-07-03T14:25:38.154048", "product_id": "3e586264f344f3a5333b419c709e5071", "organic": false},
{"store": "loblaws", "category": "Fresh Vegetables", "name": "Whole Button Cremini Mushrooms", "price": "$3.99", "sale_price": "", "previous_price": "", "image_url": "https://assets.shop.loblaws.ca/products/21245220/b3/en/front/21245220_front_a06_@2.png", "link": "https://www.loblaws.ca/whole-button-cremini-mushrooms/p/21245220_EA?source=nspt", "brand": "PC Organics", "package_size": "227 g", "unit_price": "$1.76/100g", "stock": "In stock", "points": "", "date_scraped": "2024-07-03T14:25:38.156199", "product_id": "1386bbe85b47042edb1e112e548c9351", "organic": false},
{"store": "loblaws", "category": "Fresh Vegetables", "name": "Organic English Cucumber", "price": "$2.99", "sale_price": "", "previous_price": "", "image_url": "https://assets.shop.loblaws.ca/products/20080489001/b3/en/front/20080489001_front_a06_@2.png", "link": "https://www.loblaws.ca/organic-english-cucumber/p/20080489001_EA?source=nspt", "brand": "", "package_size": "1 ea", "unit_price": "$2.99/1ea", "stock": "In stock", "points": "", "date_scraped": "2024-07-03T14:25:38.158778", "product_id": "06068f97011f186364f734dc36287c7b", "organic": true},
{"store": "loblaws", "category": "Fresh Vegetables", "name": "Organic Garlic", "price": "$3.99", "sale_price": "", "previous_price": "", "image_url": "https://assets.shop.loblaws.ca/products/20717130001/b3/en/front/20717130001_front_a06_@2.png", "link": "https://www.loblaws.ca/organic-garlic/p/20717130001_EA?source=nspt", "brand": "PC Organics", "package_size": "115 g", "unit_price": "$3.47/100g", "stock": "In stock", "points": "", "date_scraped": "2024-07-03T14:25:38.160308", "product_id": "a2fbb021d3fd5464c943023c192c7679", "organic": true},
{"store": "loblaws", "category": "Fresh Fruits", "name": "Plum ", "price": "$9.99", "sale_price": "", "previous_price": "", "image_url": "https://assets.shop.loblaws.ca/products/21312582001/b3/en/front/21312582001_front_a06_@2.png", "link": "https://www.loblaws.ca/plum/p/21312582001_EA?source=nspt", "brand": "PC Organics", "package_size": "907 g", "unit_price": "$1.10/100g", "stock": "Out of Stock", "points": "", "date_scraped": "2024-07-03T14:25:38.163143", "product_id": "6f95414b28cdfc30a924406804c44b44", "organic": false},
{"store": "loblaws", "category": "Fresh Fruits", "name": "Red Bananas, Bunch", "price": "about $3.74", "sale_price": "", "previous_price": "", "image_url": "https://assets.shop.loblaws.ca/products/20047209001/b3/en/front/20047209001_front_a06_@2.png", "link": "https://www.loblaws.ca/red-bananas-bunch/p/20047209001_KG?source=nspt", "brand": "", "package_size": "$5.05/1kg", "unit_price": "$2.29/1lb", "stock": "Low Stock", "points": "", "date_scraped": "2024-07-03T14:25:38.166340", "product_id": "e0f778c3ec98e9846cdc3f400e5a6ae3", "organic": false},
{"store": "loblaws", "category": "Fresh Fruits", "name": "Purple Passion Fruit", "price": "$6.00", "sale_price": "", "previous_price": "", "image_url": "https://assets.shop.loblaws.ca/products/21575820001/b3/en/front/21575820001_front_a06_@2.png", "link": "https://www.loblaws.ca/purple-passion-fruit/p/21575820001_EA?source=nspt", "brand": "President's Choice", "package_size": "1 ea", "unit_price": "$6.00/1ea", "stock": "In stock", "points": "", "date_scraped": "2024-07-03T14:25:38.167902", "product_id": "8f933503f3fbe3a6a39de131dbe37089", "organic": false},
{"store": "loblaws", "category": "Fresh Fruits", "name": "Fresh Coconut Young", "price": "$3.99", "sale_price": "", "previous_price": "", "image_url": "https://assets.shop.loblaws.ca/products/20157487001/b3/en/front/20157487001_front_a06_@2.png", "link": "https://www.loblaws.ca/fresh-coconut-young/p/20157487001_EA?source=nspt", "brand": "", "package_size": "1 ea", "unit_price": "$3.99/1ea", "stock": "Low Stock", "points": "", "date_scraped": "2024-07-03T14:25:38.169466", "product_id": "4f990d9170564991702da20f7531a60a", "organic": false},
{"store": "loblaws", "category": "Fresh Fruits", "name": "D'Anjou Pears", "price": "about $1.85", "sale_price": "", "previous_price": "", "image_url": "https://assets.shop.loblaws.ca/products/20174514001/b3/en/front/20174514001_front_a06_@2.png", "link": "https://www.loblaws.ca/d-anjou-pears/p/20174514001_KG?source=nspt", "brand": "", "package_size": "$7.69/1kg", "unit_price": "$3.49/1lb", "stock": "In stock", "points": "", "date_scraped": "2024-07-03T14:25:38.171545", "product_id": "c72f722c4cc3bf2e573e270d30edf644", "organic": false},
{"store": "loblaws", "category": "Fresh Vegetables", "name": "Organic Cucumber Mini", "price": "$5.49", "sale_price": "", "previous_price": "", "image_url": "https://assets.shop.loblaws.ca/products/20935931001/b3/en/front/20935931001_front_a06_@2.png", "link": "https://www.loblaws.ca/organic-cucumber-mini/p/20935931001_EA?source=nspt", "brand": "PC Organics", "package_size": "342 g", "unit_price": "$0.92/1ea", "stock": "In stock", "points": "", "date_scraped": "2024-07-03T14:25:38.174672", "product_id": "c49ab95f9b5b246d52a8f50fa9066f60", "organic": true},
{"store": "loblaws", "category": "Fresh Vegetables", "name": "Tomato On The Vine Red (1 Bunch)", "price": "about $6.34", "sale_price": "", "previous_price": "", "image_url": "https://assets.shop.loblaws.ca/products/20127917001/b3/en/front/20127917001_front_a06_@2.png", "link": "https://www.loblaws.ca/tomato-on-the-vine-red-1-bunch/p/20127917001_KG?source=nspt", "brand": "PC Organics", "package_size": "$8.80/1kg", "unit_price": "$3.99/1lb", "stock": "Low Stock", "points": "", "date_scraped": "2024-07-03T14:25:38.177803", "product_id": "754a3c343e0a92ccf1ed8cbaf2e4312c", "organic": false},
{"store": "loblaws", "category": "Fresh Vegetables", "name": "Mixed Little Gems", "price": "$4.99", "sale_price": "", "previous_price": "", "image_url": "https://assets.shop.loblaws.ca/products/21247301001/b3/en/front/21247301001_front_a06_@2.png", "link": "https://www.loblaws.ca/mixed-little-gems/p/21247301001_EA?source=nspt", "brand": "President's Choice", "package_size": "0.68 kg", "unit_price": "$0.73/100g", "stock": "In stock", "points": "", "date_scraped": "2024-07-03T14:25:38.179902", "product_id": "99e2efecc7a67ec734b69bd4c4cf2225", "organic": false},
{"store": "loblaws", "category": "Fresh Vegetables", "name": "Grape Tomatoes", "price": "$4.99", "sale_price": "", "previous_price": "", "image_url": "https://assets.shop.loblaws.ca/products/20799491001/b3/en/front/20799491001_front_a06_@2.png", "link": "https://www.loblaws.ca/grape-tomatoes/p/20799491001_EA?source=nspt", "brand": "PC Organics", "package_size": "255 g", "unit_price": "$1.96/100g", "stock": "In stock", "points": "", "date_scraped": "2024-07-03T14:25:38.182026", "product_id": "7e1eed00c363e995a118104592dbe126", "organic": false},
{"store": "loblaws", "category": "Fresh Fruits", "name": "Manzano Bananas, Bunch", "price": "about $4.21", "sale_price": "", "previous_price": "", "image_url": "https://assets.shop.loblaws.ca/products/20649591001/b3/en/front/20649591001_front_a06_@2.png", "link": "https://www.loblaws.ca/manzano-bananas-bunch/p/20649591001_KG?source=nspt", "brand": "", "package_size": "$4.39/1kg", "unit_price": "$1.99/1lb", "stock": "Out of Stock", "points": "", "date_scraped": "2024-07-03T14:25:38.183595", "product_id": "dda8954c2aa28c13f325b4011dc4ea7e", "organic": false},
{"store": "loblaws", "category": "Fresh Fruits", "name": "Mango Red 3Ct", "price": "$4.99", "sale_price": "", "previous_price": "", "image_url": "https://assets.shop.loblaws.ca/products/21387721001/b3/en/front/21387721001_front_a06_@2.png", "link": "https://www.loblaws.ca/mango-red-3ct/p/21387721001_EA?source=nspt", "brand": "Farmer's Market", "package_size": "3 ea", "unit_price": "$1.66/1ea", "stock": "In stock", "points": "", "date_scraped": "2024-07-03T14:25:38.185642", "product_id": "487334c5f601e967e7c73a7f2efad3a7", "organic": false},
{"store": "loblaws", "category": "Fresh Fruits", "name": "Mangosteen, pack 3", "price": "$5.99", "sale_price": "", "previous_price": "", "image_url": "https://assets.shop.loblaws.ca/products/21157321001/b3/en/front/21157321001_front_a06_@2.png", "link": "https://www.loblaws.ca/mangosteen-pack-3/p/21157321001_EA?source=nspt", "brand": "", "package_size": "1 ea", "unit_price": "$3.99/100g", "stock": "Out of Stock", "points": "", "date_scraped": "2024-07-03T14:25:38.187529", "product_id": "068728b80390a9fc441de19020b9c3b4", "organic": false},
{"store": "loblaws", "category": "Fresh Fruits", "name": "Gala Apples, 3 lb Bag", "price": "$8.99", "sale_price": "", "previous_price": "", "image_url": "https://assets.shop.loblaws.ca/products/20606349001/b3/en/front/20606349001_front_a06_@2.png", "link": "https://www.loblaws.ca/gala-apples-3-lb-bag/p/20606349001_EA?source=nspt", "brand": "PC Organics", "package_size": "1.36 kg", "unit_price": "$0.66/100g", "stock": "In stock", "points": "", "date_scraped": "2024-07-03T14:25:38.189088", "product_id": "8517d7c6ab8f9912f8029c89894922e1", "organic": false},
{"store": "loblaws", "category": "Fresh Fruits", "name": "Cactus Pears 12X4ct ", "price": "$3.99", "sale_price": "", "previous_price": "", "image_url": "https://assets.shop.loblaws.ca/products/21121511001/b3/en/front/21121511001_front_a06_@2.png", "link": "https://www.loblaws.ca/cactus-pears-12x4ct/p/21121511001_EA?source=nspt", "brand": "", "package_size": "4x1.0 ea", "unit_price": "$1.00/1ea", "stock": "Out of Stock", "points": "", "date_scraped": "2024-07-03T14:25:38.190139", "product_id": "19a444363bd7eceb31a35fd6897af0cd", "organic": false},
{"store": "loblaws", "category": "Fresh Fruits", "name": "Avocado Case", "price": "$12.99", "sale_price": "", "previous_price": "", "image_url": "https://assets.shop.loblaws.ca/products/21208233001/b3/en/front/21208233001_front_a06_@2.png", "link": "https://www.loblaws.ca/avocado-case/p/21208233001_EA?source=nspt", "brand": "", "package_size": "2 kg", "unit_price": "$0.65/100g", "stock": "Out of Stock", "points": "", "date_scraped": "2024-07-03T14:25:38.191671", "product_id": "43081c28b1fcca2ff1ebb02be358d4f5", "organic": false},
{"store": "loblaws", "category": "Fresh Fruits", "name": "Yellow Pitahaya", "price": "$5.00", "sale_price": "", "previous_price": "", "image_url": "https://assets.shop.loblaws.ca/products/21575847001/b3/en/front/21575847001_front_a06_@2.png", "link": "https://www.loblaws.ca/yellow-pitahaya/p/21575847001_EA?source=nspt", "brand": "President's Choice", "package_size": "1 ea", "unit_price": "$5.00/1ea", "stock": "In stock", "points": "", "date_scraped": "2024-07-03T14:25:38.193478", "product_id": "6f3e3e804a898af0ef933fa5d4b10f23", "organic": false},
{"store": "loblaws", "category": "Fresh Vegetables", "name": "LoBok (Daikon Radish)", "price": "about $3.08", "sale_price": "", "previous_price": "", "image_url": "https://assets.shop.loblaws.ca/products/20082109001/b3/en/front/20082109001_front_a06_@2.png", "link": "https://www.loblaws.ca/lobok-daikon-radish/p/20082109001_KG?source=nspt", "brand": "", "package_size": "$3.28/1kg", "unit_price": "$1.49/1lb", "stock": "In stock", "points": "", "date_scraped": "2024-07-03T14:25:38.195051", "product_id": "d5ffad5603e6d10d289909e1ef6df237", "organic": false},
{"store": "loblaws", "category": "Fresh Vegetables", "name": "Romaine Hearts", "price": "$8.99", "sale_price": "", "previous_price": "", "image_url": "https://assets.shop.loblaws.ca/products/20041478001/b3/en/front/20041478001_front_a06_@2.png", "link": "https://www.loblaws.ca/romaine-hearts/p/20041478001_EA?source=nspt", "brand": "", "package_size": "6 pack", "unit_price": "$1.50/1ea", "stock": "Out of Stock", "points": "", "date_scraped": "2024-07-03T14:25:38.197128", "product_id": "1859f6d020f364f1f2978612ceea1cc8", "organic": false},
{"store": "loblaws", "category": "Fresh Vegetables", "name": "Potato White/Russet Small, 3lb", "price": "$1.99", "sale_price": "", "previous_price": "", "image_url": "https://assets.shop.loblaws.ca/products/21209989001/b3/en/front/21209989001_front_a06_@2.png", "link": "https://www.loblaws.ca/potato-white-russet-small-3lb/p/21209989001_EA?source=nspt", "brand": "", "package_size": "1.36 kg", "unit_price": "$0.15/100g", "stock": "Out of Stock", "points": "", "date_scraped": "2024-07-03T14:25:38.198543", "product_id": "aa8ff1649cce9751985d4d7c46ca7b8a", "organic": false},
{"store": "loblaws", "category": "Fresh Vegetables", "name": "Organic Butternut Squash", "price": "about $9.36", "sale_price": "", "previous_price": "", "image_url": "https://assets.shop.loblaws.ca/products/20051060001/b3/en/front/20051060001_front_a06_@2.png", "link": "https://www.loblaws.ca/organic-butternut-squash/p/20051060001_KG?source=nspt", "brand": "", "package_size": "$6.59/1kg", "unit_price": "$2.99/1lb", "stock": "In stock", "points": "", "date_scraped": "2024-07-03T14:25:38.200114", "product_id": "61514c22c0678d434d70d31ade10596b", "organic": true},
{"store": "loblaws", "category": "Fresh Vegetables", "name": "Snow Pea Sprouts", "price": "$2.99", "sale_price": "", "previous_price": "", "image_url": "https://assets.shop.loblaws.ca/products/21037049/b3/en/front/21037049_front_a06_@2.png", "link": "https://www.loblaws.ca/snow-pea-sprouts/p/21037049_EA?source=nspt", "brand": "", "package_size": "75 g", "unit_price": "$3.99/100g", "stock": "Out of Stock", "points": "", "date_scraped": "2024-07-03T14:25:38.202119", "product_id": "cc3c8e8777e7873006b06fc6da223e69", "organic": false},
{"store": "loblaws", "category": "Fresh Vegetables", "name": "Yellow Zucchini", "price": "about $1.78", "sale_price": "", "previous_price": "", "image_url": "https://assets.shop.loblaws.ca/products/20148363001/b3/en/front/20148363001_front_a06_@2.png", "link": "https://www.loblaws.ca/yellow-zucchini/p/20148363001_KG?source=nspt", "brand": "", "package_size": "$6.59/1kg", "unit_price": "$2.99/1lb", "stock": "Out of Stock", "points": "", "date_scraped": "2024-07-03T14:25:38.203560", "product_id": "be581ee792a5640447c2327c824ef320", "organic": false},
{"store": "loblaws", "category": "Fresh Fruits", "name": "Nectarines", "price": "about $1.54", "sale_price": "", "previous_price": "", "image_url": "https://assets.shop.loblaws.ca/products/20319426001/b3/en/front/20319426001_front_a06_@2.png", "link": "https://www.loblaws.ca/nectarines/p/20319426001_KG?source=nspt", "brand": "", "package_size": "$11.00/1kg", "unit_price": "$4.99/1lb", "stock": "In stock", "points": "", "date_scraped": "2024-07-03T14:25:38.205125", "product_id": "9c83456babbe176c94c781fc0a83fc27", "organic": false},
{"store": "loblaws", "category": "Fresh Fruits", "name": "Peach", "price": "$9.99", "sale_price": "", "previous_price": "", "image_url": "https://assets.shop.loblaws.ca/products/21050564001/b3/en/front/21050564001_front_a06_@2.png", "link": "https://www.loblaws.ca/peach/p/21050564001_EA?source=nspt", "brand": "PC Organics", "package_size": "907 g", "unit_price": "$1.10/100g", "stock": "In stock", "points": "", "date_scraped": "2024-07-03T14:25:38.206572", "product_id": "334ac0b9cd2a5c8e16ba1ded57e45e12", "organic": false},
{"store": "loblaws", "category": "Fresh Fruits", "name": "Pomegranate", "price": "$3.99", "sale_price": "", "previous_price": "", "image_url": "https://assets.shop.loblaws.ca/products/20134767001/b3/en/front/20134767001_front_a06_@2.png", "link": "https://www.loblaws.ca/pomegranate/p/20134767001_EA?source=nspt", "brand": "", "package_size": "1 ea", "unit_price": "$3.99/1ea", "stock": "In stock", "points": "", "date_scraped": "2024-07-03T14:25:38.208130", "product_id": "63eeede1df2c7312ba6e8bb47c534fd1", "organic": false},
{"store": "loblaws", "category": "Fresh Fruits", "name": "Baby Mango", "price": "", "sale_price": "$1.49", "previous_price": "$1.99", "image_url": "https://assets.shop.loblaws.ca/products/21406494001/b3/en/front/21406494001_front_a06_@2.png", "link": "https://www.loblaws.ca/baby-mango/p/21406494001_EA?source=nspt", "brand": "", "package_size": "1 ea", "unit_price": "$1.49/1ea", "stock": "In stock", "points": "", "date_scraped": "2024-07-03T14:25:38.209656", "product_id": "98234c5ebc1973b04d18dfcfd6ad1438", "organic": false},
{"store": "loblaws", "category": "Fresh Fruits", "name": "Caribbean Avocado", "price": "$3.99", "sale_price": "", "previous_price": "", "image_url": "https://assets.shop.loblaws.ca/products/20119760001/b3/en/front/20119760001_front_a06_@2.png", "link": "https://www.loblaws.ca/caribbean-avocado/p/20119760001_EA?source=nspt", "brand": "", "package_size": "1 ea", "unit_price": "$3.99/1ea", "stock": "Out of Stock", "points": "", "date_scraped": "2024-07-03T14:25:38.211101", "product_id": "12d65733a7206da8f6a6ee1eedb25f9b", "organic": false},
{"store": "loblaws", "category": "Fresh Fruits", "name": "Granadilla", "price": "$1.99", "sale_price": "", "previous_price": "", "image_url": "https://assets.shop.loblaws.ca/products/20696626001/b3/en/front/20696626001_front_a06_@2.png", "link": "https://www.loblaws.ca/granadilla/p/20696626001_EA?source=nspt", "brand": "", "package_size": "1 ea", "unit_price": "$1.99/1ea", "stock": "Out of Stock", "points": "", "date_scraped": "2024-07-03T14:25:38.212152", "product_id": "b012d536a8340e8cadebbbe1a7927672", "organic": false},
{"store": "loblaws", "category": "Fresh Fruits", "name": "Navel Oranges Cara Cara, 3 lb Bag", "price": "$8.99", "sale_price": "", "previous_price": "", "image_url": "https://assets.shop.loblaws.ca/products/20697748001/b3/en/front/20697748001_front_a06_@2.png", "link": "https://www.loblaws.ca/navel-oranges-cara-cara-3-lb-bag/p/20697748001_EA?source=nspt", "brand": "President's Choice", "package_size": "1.36 kg", "unit_price": "$0.66/100g", "stock": "In stock", "points": "", "date_scraped": "2024-07-03T14:25:38.214159", "product_id": "5c7444e336d35d3956d2fa7d0cf941ea", "organic": false},
{"store": "loblaws", "category": "Fresh Vegetables", "name": "Yellow Oyster Mushroom ", "price": "$8.99", "sale_price": "", "previous_price": "", "image_url": "https://assets.shop.loblaws.ca/products/21518733/b3/en/front/21518733_front_a06_@2.png", "link": "https://www.loblaws.ca/yellow-oyster-mushroom/p/21518733_EA?source=nspt", "brand": "", "package_size": "200 g", "unit_price": "$4.50/100g", "stock": "Low Stock", "points": "", "date_scraped": "2024-07-03T14:25:38.216229", "product_id": "55351266051ae113625a6892fabf9c3a", "organic": false},
{"store": "loblaws", "category": "Fresh Vegetables", "name": "Taiwanese Flat Cabbage", "price": "about $3.21", "sale_price": "", "previous_price": "", "image_url": "https://assets.shop.loblaws.ca/products/20020863001/b3/en/front/20020863001_front_a06_@2.png", "link": "https://www.loblaws.ca/taiwanese-flat-cabbage/p/20020863001_KG?source=nspt", "brand": "", "package_size": "$2.84/1kg", "unit_price": "$1.29/1lb", "stock": "In stock", "points": "", "date_scraped": "2024-07-03T14:25:38.217239", "product_id": "32066548cb6c4956be656689af82ab87", "organic": false},
{"store": "loblaws", "category": "Fresh Vegetables", "name": "Red Beets, Bunched", "price": "$4.99", "sale_price": "", "previous_price": "", "image_url": "https://assets.shop.loblaws.ca/products/20174607001/b3/en/front/20174607001_front_a06_@2.png", "link": "https://www.loblaws.ca/red-beets-bunched/p/20174607001_EA?source=nspt", "brand": "", "package_size": "1 bunch", "unit_price": "$4.99/1ea", "stock": "In stock", "points": "", "date_scraped": "2024-07-03T14:25:38.219137", "product_id": "1fb77603049a8745660cb2ea938b43ed", "organic": false},
{"store": "loblaws", "category": "Fresh Vegetables", "name": "Celery Hearts", "price": "$3.99", "sale_price": "", "previous_price": "", "image_url": "https://assets.shop.loblaws.ca/products/20100770001/b3/en/front/20100770001_front_a06_@2.png", "link": "https://www.loblaws.ca/celery-hearts/p/20100770001_EA?source=nspt", "brand": "", "package_size": "2 pack", "unit_price": "$2.00/1ea", "stock": "In stock", "points": "", "date_scraped": "2024-07-03T14:25:38.220713", "product_id": "d582423c2bc9ae7e8e5ffa0ab7045370", "organic": false},
{"store": "loblaws", "category": "Fresh Vegetables", "name": "French Beans", "price": "$5.49", "sale_price": "", "previous_price": "", "image_url": "https://assets.shop.loblaws.ca/products/20889720/b3/en/front/20889720_front_a06_@2.png", "link": "https://www.loblaws.ca/french-beans/p/20889720_EA?source=nspt", "brand": "", "package_size": "400 g", "unit_price": "$1.37/100g", "stock": "In stock", "points": "", "date_scraped": "2024-07-03T14:25:38.224019", "product_id": "a0a279e68042a7c2c0d9229dd102de63", "organic": false},
{"store": "loblaws", "category": "Fresh Vegetables", "name": "Blue Cluster Mushroom, Fresh", "price": "about $8.26", "sale_price": "", "previous_price": "", "image_url": "", "link": "https://www.loblaws.ca/blue-cluster-mushroom-fresh/p/20760992_KG?source=nspt", "brand": "", "package_size": "$55.09/1kg", "unit_price": "$25.00/1lb", "stock": "Out of Stock", "points": "", "date_scraped": "2024-07-03T14:25:38.225594", "product_id": "bbbf80da991ae776385e3c2624af796e", "organic": false},
{"store": "loblaws", "category": "Fresh Fruits", "name": "Plum Cherry Red", "price": "$17.61", "sale_price": "", "previous_price": "", "image_url": "https://assets.shop.loblaws.ca/products/21333711001/b3/en/front/21333711001_front_a06_@2.png", "link": "https://www.loblaws.ca/plum-cherry-red/p/21333711001_KG?source=nspt", "brand": "", "package_size": "", "unit_price": "$17.61/1kg", "stock": "Out of Stock", "points": "", "date_scraped": "2024-07-03T14:25:38.228563", "product_id": "b453d6e0ecb65ed20948241da726d597", "organic": false},
{"store": "loblaws", "category": "Fresh Fruits", "name": "Red Grapefruit", "price": "$2.49", "sale_price": "", "previous_price": "", "image_url": "https://assets.shop.loblaws.ca/products/20166580001/b3/en/front/20166580001_front_a06_@2.png", "link": "https://www.loblaws.ca/red-grapefruit/p/20166580001_EA?source=nspt", "brand": "", "package_size": "1 ea", "unit_price": "$2.49/1ea", "stock": "In stock", "points": "", "date_scraped": "2024-07-03T14:25:38.231755", "product_id": "65676e7d60a918ac8f0ccc022a157e50", "organic": false},
{"store": "loblaws", "category": "Fresh Fruits", "name": "Red Delicious Apples", "price": "about $1.38", "sale_price": "", "previous_price": "", "image_url": "https://assets.shop.loblaws.ca/products/20073899001/b3/en/front/20073899001_front_a06_@2.png", "link": "https://www.loblaws.ca/red-delicious-apples/p/20073899001_KG?source=nspt", "brand": "", "package_size": "$6.59/1kg", "unit_price": "$2.99/1lb", "stock": "In stock", "points": "", "date_scraped": "2024-07-03T14:25:38.233349", "product_id": "a43312d13d8d9ca92685fbd5f64e5482", "organic": false},
{"store": "loblaws", "category": "Fresh Fruits", "name": "Strawberries, Quart", "price": "", "sale_price": "$6.99", "previous_price": "$7.99", "image_url": "https://assets.shop.loblaws.ca/products/21547718001/b3/en/front/21547718001_front_a06_@2.png", "link": "https://www.loblaws.ca/strawberries-quart/p/21547718001_EA?source=nspt", "brand": "", "package_size": "517 g", "unit_price": "$1.35/100g", "stock": "In stock", "points": "", "date_scraped": "2024-07-03T14:25:38.234909", "product_id": "b007068d478a081625c7149d57197e58", "organic": false},
{"store": "loblaws", "category": "Fresh Fruits", "name": "Pineapple", "price": "$4.99", "sale_price": "", "previous_price": "", "image_url": "https://assets.shop.loblaws.ca/products/20119813001/b3/en/front/20119813001_front_a06_@2.png", "link": "https://www.loblaws.ca/pineapple/p/20119813001_EA?source=nspt", "brand": "", "package_size": "1 ea", "unit_price": "$4.99/1ea", "stock": "In stock", "points": "", "date_scraped": "2024-07-03T14:25:38.236493", "product_id": "8ce484b0a875bbac58399a777ec2ea3e", "organic": false},
{"store": "loblaws", "category": "Fresh Vegetables", "name": "Organic Sweet Potatoes, 3 lb Bag", "price": "$7.99", "sale_price": "", "previous_price": "", "image_url": "https://assets.shop.loblaws.ca/products/20639082001/b3/en/front/20639082001_front_a06_@2.png", "link": "https://www.loblaws.ca/organic-sweet-potatoes-3-lb-bag/p/20639082001_EA?source=nspt", "brand": "PC Organics", "package_size": "1.36 kg", "unit_price": "$0.59/100g", "stock": "In stock", "points": "", "date_scraped": "2024-07-03T14:25:38.239663", "product_id": "6bd0a251418a862ee14785b80e0fa4ba", "organic": true},
{"store": "loblaws", "category": "Fresh Vegetables", "name": "Purple Sweet Potatoes", "price": "about $4.00", "sale_price": "", "previous_price": "", "image_url": "https://assets.shop.loblaws.ca/products/20849858001/b3/en/front/20849858001_front_a06_@2.png", "link": "https://www.loblaws.ca/purple-sweet-potatoes/p/20849858001_KG?source=nspt", "brand": "", "package_size": "$4.39/1kg", "unit_price": "$1.99/1lb", "stock": "In stock", "points": "", "date_scraped": "2024-07-03T14:25:38.241406", "product_id": "8054a76a7972c223ac6fc9f87a553e31", "organic": false},
{"store": "loblaws", "category": "Fresh Vegetables", "name": "Onion Bulb, Bunch", "price": "$3.99", "sale_price": "", "previous_price": "", "image_url": "https://assets.shop.loblaws.ca/products/20156348001/b3/en/front/20156348001_front_a06_@2.png", "link": "https://www.loblaws.ca/onion-bulb-bunch/p/20156348001_EA?source=nspt", "brand": "", "package_size": "1 bunch", "unit_price": "$3.99/1ea", "stock": "Out of Stock", "points": "", "date_scraped": "2024-07-03T14:25:38.242976", "product_id": "0f916af951e2ab24c42a66229ed16b56", "organic": false},
{"store": "loblaws", "category": "Fresh Vegetables", "name": "Flavor Bombs cherry tomatoes on the vine", "price": "$3.49", "sale_price": "", "previous_price": "", "image_url": "https://assets.shop.loblaws.ca/products/21247148001/b3/en/front/21247148001_front_a06_@2.png", "link": "https://www.loblaws.ca/flavor-bombs-cherry-tomatoes-on-the-vine/p/21247148001_EA?source=nspt", "brand": "", "package_size": "341 g", "unit_price": "$1.02/100g", "stock": "Low Stock", "points": "", "date_scraped": "2024-07-03T14:25:38.245588", "product_id": "0a56fda62b6c4ea38479ac19639b4ba9", "organic": false},
{"store": "loblaws", "category": "Fresh Vegetables", "name": "Finger Hot Hot Peppers", "price": "$4.99", "sale_price": "", "previous_price": "", "image_url": "https://assets.shop.loblaws.ca/products/21454748001/b3/en/front/21454748001_front_a06_@2.png", "link": "https://www.loblaws.ca/finger-hot-hot-peppers/p/21454748001_EA?source=nspt", "brand": "President's Choice", "package_size": "226 g", "unit_price": "$2.21/100g", "stock": "In stock", "points": "", "date_scraped": "2024-07-03T14:25:38.248710", "product_id": "9465bbd440b3d49f447ea6deae527992", "organic": false},
{"store": "loblaws", "category": "Fresh Fruits", "name": "Organic Orange", "price": "$7.99", "sale_price": "", "previous_price": "", "image_url": "https://assets.shop.loblaws.ca/products/20972628001/b3/en/front/20972628001_front_a06_@2.png", "link": "https://www.loblaws.ca/organic-orange/p/20972628001_EA?source=nspt", "brand": "", "package_size": "907 g", "unit_price": "$0.88/100g", "stock": "Out of Stock", "points": "", "date_scraped": "2024-07-03T14:25:38.250837", "product_id": "9d487bbfffcbca211dfcb17f6d6ae009", "organic": true},
{"store": "loblaws", "category": "Fresh Fruits", "name": "Black Seedless Grapes", "price": "about $15.07", "sale_price": "", "previous_price": "", "image_url": "https://assets.shop.loblaws.ca/products/20711275001/b3/en/front/20711275001_front_a06_@2.png", "link": "https://www.loblaws.ca/black-seedless-grapes/p/20711275001_KG?source=nspt", "brand": "President's Choice", "package_size": "$11.00/1kg", "unit_price": "$4.99/1lb", "stock": "In stock", "points": "", "date_scraped": "2024-07-03T14:25:38.252396", "product_id": "7deb0f6e6a3d36ef9978a80b194e0c0a", "organic": false},
{"store": "loblaws", "category": "Fresh Vegetables", "name": "Organic Grape Tomatoes", "price": "$9.99", "sale_price": "", "previous_price": "", "image_url": "https://assets.shop.loblaws.ca/products/20966838001/b3/en/front/20966838001_front_a06_@2.png", "link": "https://www.loblaws.ca/organic-grape-tomatoes/p/20966838001_EA?source=nspt", "brand": "", "package_size": "680 g", "unit_price": "$1.47/100g", "stock": "Out of Stock", "points": "", "date_scraped": "2024-07-03T14:25:38.255510", "product_id": "f8164c76d82855e0aec66680ffbf2157", "organic": true},
{"store": "loblaws", "category": "Fresh Vegetables", "name": "Greenhouse Peppers, Yellow", "price": "about $2.02", "sale_price": "", "previous_price": "", "image_url": "https://assets.shop.loblaws.ca/products/20141814001/b3/en/front/20141814001_front_a06_@2.png", "link": "https://www.loblaws.ca/greenhouse-peppers-yellow/p/20141814001_KG?source=nspt", "brand": "", "package_size": "$8.80/1kg", "unit_price": "$3.99/1lb", "stock": "In stock", "points": "", "date_scraped": "2024-07-03T14:25:38.258144", "product_id": "ef67c1b9747d5d1758bc063e902f4b7a", "organic": false},
{"store": "loblaws", "category": "Fresh Vegetables", "name": "Japanese Yams", "price": "about $5.22", "sale_price": "", "previous_price": "", "image_url": "https://assets.shop.loblaws.ca/products/20524922001/b3/en/front/20524922001_front_a06_@2.png", "link": "https://www.loblaws.ca/japanese-yams/p/20524922001_KG?source=nspt", "brand": "", "package_size": "$5.49/1kg", "unit_price": "$2.49/1lb", "stock": "In stock", "points": "", "date_scraped": "2024-07-03T14:25:38.260755", "product_id": "54666b9bd496378b8af9c331bb9424f7", "organic": false},
{"store": "loblaws", "category": "Fresh Vegetables", "name": "Frisee Lettuce 2-pack", "price": "$5.99", "sale_price": "", "previous_price": "", "image_url": "https://assets.shop.loblaws.ca/products/21350918/b3/en/front/21350918_front_a06_@2.png", "link": "https://www.loblaws.ca/frisee-lettuce-2-pack/p/21350918_EA?source=nspt", "brand": "Gen V", "package_size": "200 g", "unit_price": "$3.00/100g", "stock": "Low Stock", "points": "", "date_scraped": "2024-07-03T14:25:38.262316", "product_id": "24fb65cc816b66bb7684df3588adae93", "organic": false},
{"store": "loblaws", "category": "Fresh Vegetables", "name": "Castelfranco Radicchio Lettuce", "price": "about $4.62", "sale_price": "", "previous_price": "", "image_url": "https://assets.shop.loblaws.ca/products/20613166001/b3/en/front/20613166001_front_a06_@2.png", "link": "https://www.loblaws.ca/castelfranco-radicchio-lettuce/p/20613166001_KG?source=nspt", "brand": "", "package_size": "$15.41/1kg", "unit_price": "$6.99/1lb", "stock": "In stock", "points": "", "date_scraped": "2024-07-03T14:25:38.265843", "product_id": "2e2a105539d4bd11e7dbed60e2f9858d", "organic": false},
{"store": "loblaws", "category": "Fresh Vegetables", "name": "Organic Green Cabbage", "price": "about $9.61", "sale_price": "", "previous_price": "", "image_url": "https://assets.shop.loblaws.ca/products/20125182001/b3/en/front/20125182001_front_a06_@2.png", "link": "https://www.loblaws.ca/organic-green-cabbage/p/20125182001_KG?source=nspt", "brand": "", "package_size": "$5.49/1kg", "unit_price": "$2.49/1lb", "stock": "Out of Stock", "points": "", "date_scraped": "2024-07-03T14:25:38.268485", "product_id": "c73cb19228ae1bc97124f3a55efcc41f", "organic": true},
{"store": "loblaws", "category": "Fresh Vegetables", "name": "Organics Whole Oyster Mushrooms", "price": "$3.99", "sale_price": "", "previous_price": "", "image_url": "https://assets.shop.loblaws.ca/products/21005184/b3/en/front/21005184_front_a06_@2.png", "link": "https://www.loblaws.ca/organics-whole-oyster-mushrooms/p/21005184_EA?source=nspt", "brand": "PC Organics", "package_size": "100 g", "unit_price": "$3.99/100g", "stock": "Out of Stock", "points": "", "date_scraped": "2024-07-03T14:25:38.270011", "product_id": "c820a1976df72551162d2373e57b9621", "organic": true},
{"store": "loblaws", "category": "Fresh Fruits", "name": "Red Delicious Apples, 4 lb Bag", "price": "", "sale_price": "$6.99", "previous_price": "$7.99", "image_url": "https://assets.shop.loblaws.ca/products/20632238001/b3/en/front/20632238001_front_a06_@2.png", "link": "https://www.loblaws.ca/red-delicious-apples-4-lb-bag/p/20632238001_EA?source=nspt", "brand": "Farmer's Market", "package_size": "1.814 kg", "unit_price": "$0.39/100g", "stock": "In stock", "points": "", "date_scraped": "2024-07-03T14:25:49.505625", "product_id": "17b292b0652a6374a809e2dca06ebcba", "organic": false},
{"store": "loblaws", "category": "Fresh Fruits", "name": "Green Figs", "price": "$1.69", "sale_price": "", "previous_price": "", "image_url": "https://assets.shop.loblaws.ca/products/20219700001/b3/en/front/20219700001_front_a06_@2.png", "link": "https://www.loblaws.ca/green-figs/p/20219700001_EA?source=nspt", "brand": "", "package_size": "1 ea", "unit_price": "$1.69/1ea", "stock": "Out of Stock", "points": "", "date_scraped": "2024-07-03T14:25:49.509300", "product_id": "1a0b9306ad734d3771f0a526060d6e09", "organic": false},
{"store": "loblaws", "category": "Fresh Fruits", "name": "Organic Kiwi", "price": "$5.99", "sale_price": "", "previous_price": "", "image_url": "https://assets.shop.loblaws.ca/products/21351670001/b3/en/front/21351670001_front_a06_@2.png", "link": "https://www.loblaws.ca/organic-kiwi/p/21351670001_EA?source=nspt", "brand": "", "package_size": "454 g", "unit_price": "$1.32/100g", "stock": "Out of Stock", "points": "", "date_scraped": "2024-07-03T14:25:49.512295", "product_id": "6ff230ac8a6dd6b1e2745b5e68cc73e2", "organic": true},
{"store": "loblaws", "category": "Fresh Fruits", "name": "Organic Lemons, 2 lb bag", "price": "$9.99", "sale_price": "", "previous_price": "", "image_url": "https://assets.shop.loblaws.ca/products/20146331001/b3/en/front/20146331001_front_a06_@2.png", "link": "https://www.loblaws.ca/organic-lemons-2-lb-bag/p/20146331001_EA?source=nspt", "brand": "PC Organics", "package_size": "907 g", "unit_price": "$1.10/100g", "stock": "In stock", "points": "", "date_scraped": "2024-07-03T14:25:49.515445", "product_id": "97e5037eadf6235988c2bf96863d8ffb", "organic": true},
{"store": "loblaws", "category": "Fresh Fruits", "name": "Organic Lime, 1 lb Bag", "price": "$5.99", "sale_price": "", "previous_price": "", "image_url": "https://assets.shop.loblaws.ca/products/20435942001/b3/en/front/20435942001_front_a06_@2.png", "link": "https://www.loblaws.ca/organic-lime-1-lb-bag/p/20435942001_EA?source=nspt", "brand": "PC Organics", "package_size": "454 g", "unit_price": "$1.32/100g", "stock": "In stock", "points": "", "date_scraped": "2024-07-03T14:25:49.518590", "product_id": "254666b98b6766afcd942f2c54bb04f7", "organic": true},
{"store": "loblaws", "category": "Fresh Fruits", "name": "Naturally Imperfect Lemons 3lb Bag", "price": "$6.99", "sale_price": "", "previous_price": "", "image_url": "https://assets.shop.loblaws.ca/products/21124487001/b3/en/front/21124487001_front_a06_@2.png", "link": "https://www.loblaws.ca/naturally-imperfect-lemons-3lb-bag/p/21124487001_EA?source=nspt", "brand": "No Name", "package_size": "1.36 kg", "unit_price": "$0.51/100g", "stock": "In stock", "points": "", "date_scraped": "2024-07-03T14:25:49.521778", "product_id": "4be6d142431bb36267f6cabe1652b42c", "organic": false},
{"store": "loblaws", "category": "Fresh Fruits", "name": "Star Fruit", "price": "$1.99", "sale_price": "", "previous_price": "", "image_url": "https://assets.shop.loblaws.ca/products/20050741001/b3/en/front/20050741001_front_a06_@2.png", "link": "https://www.loblaws.ca/star-fruit/p/20050741001_EA?source=nspt", "brand": "", "package_size": "1 ea", "unit_price": "$1.99/1ea", "stock": "In stock", "points": "", "date_scraped": "2024-07-03T14:25:49.525530", "product_id": "8207124a36c370bca9f3dd9e8ca02a06", "organic": false},
{"store": "loblaws", "category": "Fresh Fruits", "name": "Organic Bosc Pears", "price": "about $2.08", "sale_price": "", "previous_price": "", "image_url": "https://assets.shop.loblaws.ca/products/20104879001/b3/en/front/20104879001_front_a06_@2.png", "link": "https://www.loblaws.ca/organic-bosc-pears/p/20104879001_KG?source=nspt", "brand": "PC Organics", "package_size": "$9.90/1kg", "unit_price": "$4.49/1lb", "stock": "In stock", "points": "", "date_scraped": "2024-07-03T14:25:49.527088", "product_id": "771ba912e45ba7c5753b64f50cb073b7", "organic": true},
{"store": "loblaws", "category": "Fresh Fruits", "name": "Black Seedless Grapes", "price": "$9.99", "sale_price": "", "previous_price": "", "image_url": "https://assets.shop.loblaws.ca/products/20282624001/b3/en/front/20282624001_front_a06_@2.png", "link": "https://www.loblaws.ca/black-seedless-grapes/p/20282624001_EA?source=nspt", "brand": "PC Organics", "package_size": "907 g", "unit_price": "$1.10/100g", "stock": "Out of Stock", "points": "", "date_scraped": "2024-07-03T14:25:49.528644", "product_id": "7b715ad6e79ed5c01aaf185ab7260782", "organic": false},
{"store": "loblaws", "category": "Fresh Fruits", "name": "Yellow Asian Pears", "price": "about $2.11", "sale_price": "", "previous_price": "", "image_url": "https://assets.shop.loblaws.ca/products/20035618001/b3/en/front/20035618001_front_a06_@2.png", "link": "https://www.loblaws.ca/yellow-asian-pears/p/20035618001_KG?source=nspt", "brand": "", "package_size": "$6.59/1kg", "unit_price": "$2.99/1lb", "stock": "In stock", "points": "", "date_scraped": "2024-07-03T14:25:49.530211", "product_id": "e9f6996093308ddf4f870f3110a5b9e6", "organic": false},
{"store": "loblaws", "category": "Fresh Fruits", "name": "Blueberries", "price": "$8.99", "sale_price": "", "previous_price": "", "image_url": "https://assets.shop.loblaws.ca/products/20573077/b3/en/front/20573077_front_a06_@2.png", "link": "https://www.loblaws.ca/blueberries/p/20573077_EA?source=nspt", "brand": "President's Choice", "package_size": "277x278.0 g", "unit_price": "$3.25/100g", "stock": "In stock", "points": "", "date_scraped": "2024-07-03T14:25:49.532320", "product_id": "5cdc08963e2a2272cefae5c2c4758997", "organic": false},
{"store": "loblaws", "category": "Fresh Fruits", "name": "Red Anjou Pears", "price": "about $1.54", "sale_price": "", "previous_price": "", "image_url": "https://assets.shop.loblaws.ca/products/20287737001/b3/en/front/20287737001_front_a06_@2.png", "link": "https://www.loblaws.ca/red-anjou-pears/p/20287737001_KG?source=nspt", "brand": "", "package_size": "$6.59/1kg", "unit_price": "$2.99/1lb", "stock": "In stock", "points": "", "date_scraped": "2024-07-03T14:25:49.533878", "product_id": "e9749fb407c1134a669a9fba87d4fcbb", "organic": false},
{"store": "loblaws", "category": "Fresh Fruits", "name": "Organic Honeycrisp Apples", "price": "about $3.05", "sale_price": "", "previous_price": "", "image_url": "https://assets.shop.loblaws.ca/products/20183632001/b3/en/front/20183632001_front_a06_@2.png", "link": "https://www.loblaws.ca/organic-honeycrisp-apples/p/20183632001_KG?source=nspt", "brand": "PC Organics", "package_size": "$12.10/1kg", "unit_price": "$5.49/1lb", "stock": "In stock", "points": "", "date_scraped": "2024-07-03T14:25:49.535464", "product_id": "1ba452f251c3cdae92ca43ed16719b61", "organic": true},
{"store": "loblaws", "category": "Fresh Fruits", "name": "Red Grapefruit", "price": "$2.49", "sale_price": "", "previous_price": "", "image_url": "https://assets.shop.loblaws.ca/products/20020516001/b3/en/front/20020516001_front_a06_@2.png", "link": "https://www.loblaws.ca/red-grapefruit/p/20020516001_EA?source=nspt", "brand": "", "package_size": "1 ea", "unit_price": "$2.49/1ea", "stock": "In stock", "points": "", "date_scraped": "2024-07-03T14:25:49.536996", "product_id": "65676e7d60a918ac8f0ccc022a157e50", "organic": false},
{"store": "loblaws", "category": "Fresh Fruits", "name": "Persimmon", "price": "$9.99", "sale_price": "", "previous_price": "", "image_url": "https://assets.shop.loblaws.ca/products/21612817001/b3/en/front/21612817001_front_a06_@2.png", "link": "https://www.loblaws.ca/persimmon/p/21612817001_EA?source=nspt", "brand": "", "package_size": "1.25 kg", "unit_price": "$0.80/100g", "stock": "Out of Stock", "points": "", "date_scraped": "2024-07-03T14:25:49.538744", "product_id": "7afa8a73ba077c2e6c1e9db87e5e4cae", "organic": false},
{"store": "loblaws", "category": "Fresh Fruits", "name": "Persimmons Kaki", "price": "$5.99", "sale_price": "", "previous_price": "", "image_url": "https://assets.shop.loblaws.ca/products/21061926001/b3/en/front/21061926001_front_a06_@2.png", "link": "https://www.loblaws.ca/persimmons-kaki/p/21061926001_EA?source=nspt", "brand": "", "package_size": "907 g", "unit_price": "$0.66/100g", "stock": "Out of Stock", "points": "", "date_scraped": "2024-07-03T14:25:49.539786", "product_id": "c1507ac80ef6cb44b08eb67fe59f9395", "organic": false},
{"store": "loblaws", "category": "Fresh Fruits", "name": "Gala Apples, 4 lb bag", "price": "", "sale_price": "$6.99", "previous_price": "$8.99", "image_url": "https://assets.shop.loblaws.ca/products/20767998001/b3/en/front/20767998001_front_a06_@2.png", "link": "https://www.loblaws.ca/gala-apples-4-lb-bag/p/20767998001_EA?source=nspt", "brand": "Farmer's Market", "package_size": "1.81 kg", "unit_price": "$0.39/100g", "stock": "In stock", "points": "", "date_scraped": "2024-07-03T14:25:49.540822", "product_id": "c6f6ca9dfcc4efbc2515bb2d0e9cc47e", "organic": false},
{"store": "loblaws", "category": "Fresh Fruits", "name": "Plumcots", "price": "about $7.74", "sale_price": "", "previous_price": "", "image_url": "https://assets.shop.loblaws.ca/products/20176879001/b3/en/front/20176879001_front_a06_@2.png", "link": "https://www.loblaws.ca/plumcots/p/20176879001_KG?source=nspt", "brand": "President's Choice", "package_size": "$8.80/1kg", "unit_price": "$3.99/1lb", "stock": "In stock", "points": "", "date_scraped": "2024-07-03T14:25:49.543176", "product_id": "e1eba8a3ef5075a8d1c58e1de2086bbd", "organic": false},
{"store": "loblaws", "category": "Fresh Fruits", "name": "Large Organic Pineapple", "price": "$5.99", "sale_price": "", "previous_price": "", "image_url": "https://assets.shop.loblaws.ca/products/20002956001/b3/en/front/20002956001_front_a06_@2.png", "link": "https://www.loblaws.ca/large-organic-pineapple/p/20002956001_EA?source=nspt", "brand": "", "package_size": "1 ea", "unit_price": "$5.99/1ea", "stock": "In stock", "points": "", "date_scraped": "2024-07-03T14:25:49.544211", "product_id": "06bbf2d95a5e501a77be3ed79df95c0b", "organic": true},
{"store": "loblaws", "category": "Fresh Fruits", "name": "McIntosh Apples, 4 lb Bag", "price": "", "sale_price": "$6.99", "previous_price": "$8.99", "image_url": "https://assets.shop.loblaws.ca/products/20713211001/b3/en/front/20713211001_front_a06_@2.png", "link": "https://www.loblaws.ca/mcintosh-apples-4-lb-bag/p/20713211001_EA?source=nspt", "brand": "Farmer's Market", "package_size": "1.81 kg", "unit_price": "$0.39/100g", "stock": "In stock", "points": "", "date_scraped": "2024-07-03T14:25:49.545742", "product_id": "92fe185991bcf8554950130c273c1579", "organic": false},
{"store": "loblaws", "category": "Fresh Fruits", "name": "Bosc Pears", "price": "about $1.45", "sale_price": "", "previous_price": "", "image_url": "https://assets.shop.loblaws.ca/products/20287815001/b3/en/front/20287815001_front_a06_@2.png", "link": "https://www.loblaws.ca/bosc-pears/p/20287815001_KG?source=nspt", "brand": "", "package_size": "$6.59/1kg", "unit_price": "$2.99/1lb", "stock": "Out of Stock", "points": "", "date_scraped": "2024-07-03T14:25:49.547478", "product_id": "badfcca71020f01f534f0b50444190ae", "organic": false},
{"store": "loblaws", "category": "Fresh Fruits", "name": "Gala Apples", "price": "about $1.69", "sale_price": "", "previous_price": "", "image_url": "https://assets.shop.loblaws.ca/products/20100756001/b3/en/front/20100756001_front_a06_@2.png", "link": "https://www.loblaws.ca/gala-apples/p/20100756001_KG?source=nspt", "brand": "PC Organics", "package_size": "$7.69/1kg", "unit_price": "$3.49/1lb", "stock": "In stock", "points": "", "date_scraped": "2024-07-03T14:25:49.549032", "product_id": "ba151816e9079fe961c0d95e42cac549", "organic": false},
{"store": "loblaws", "category": "Fresh Fruits", "name": "Peaches", "price": "about $1.41", "sale_price": "", "previous_price": "", "image_url": "https://assets.shop.loblaws.ca/products/20002646001/b3/en/front/20002646001_front_a06_@2.png", "link": "https://www.loblaws.ca/peaches/p/20002646001_KG?source=nspt", "brand": "", "package_size": "$8.80/1kg", "unit_price": "$3.99/1lb", "stock": "In stock", "points": "", "date_scraped": "2024-07-03T14:25:49.550037", "product_id": "586001892cc10192d764a330fe3a7ab2", "organic": false},
{"store": "loblaws", "category": "Fresh Fruits", "name": "Apple Cosmic Crisp", "price": "about $2.11", "sale_price": "", "previous_price": "", "image_url": "https://assets.shop.loblaws.ca/products/21240884001/b3/en/front/21240884001_front_a06_@2.png", "link": "https://www.loblaws.ca/apple-cosmic-crisp/p/21240884001_KG?source=nspt", "brand": "", "package_size": "", "unit_price": "$8.80/1kg", "stock": "In stock", "points": "", "date_scraped": "2024-07-03T14:25:49.554284", "product_id": "a5708775f225ebc9bac6e9eb2fed84c4", "organic": false},
{"store": "loblaws", "category": "Fresh Fruits", "name": "Fuji Apples", "price": "about $1.05", "sale_price": "", "previous_price": "", "image_url": "https://assets.shop.loblaws.ca/products/20310940001/b3/en/front/20310940001_front_a06_@2.png", "link": "https://www.loblaws.ca/fuji-apples/p/20310940001_KG?source=nspt", "brand": "", "package_size": "$4.39/1kg", "unit_price": "$1.99/1lb", "stock": "In stock", "points": "", "date_scraped": "2024-07-03T14:25:49.557301", "product_id": "25ef145f192f9d9ba04c3a3e1bea6620", "organic": false},
{"store": "loblaws", "category": "Fresh Fruits", "name": "Dragon Fruit", "price": "$3.99", "sale_price": "", "previous_price": "", "image_url": "https://assets.shop.loblaws.ca/products/20168395001/b3/en/front/20168395001_front_a06_@2.png", "link": "https://www.loblaws.ca/dragon-fruit/p/20168395001_EA?source=nspt", "brand": "", "package_size": "1 ea", "unit_price": "$3.99/1ea", "stock": "In stock", "points": "", "date_scraped": "2024-07-03T14:25:49.559221", "product_id": "beeaa7ecc6839e490141c9193ca44900", "organic": false},
{"store": "loblaws", "category": "Fresh Fruits", "name": "Golden Delicious Apples, 4 lb Bag", "price": "", "sale_price": "$6.99", "previous_price": "$7.99", "image_url": "https://assets.shop.loblaws.ca/products/20713921001/b3/en/front/20713921001_front_a06_@2.png", "link": "https://www.loblaws.ca/golden-delicious-apples-4-lb-bag/p/20713921001_EA?source=nspt", "brand": "Farmer's Market", "package_size": "1.81 kg", "unit_price": "$0.39/100g", "stock": "Out of Stock", "points": "", "date_scraped": "2024-07-03T14:25:49.560799", "product_id": "c3a4e27cfd4baa20e4354fac97539dc5", "organic": false},
{"store": "loblaws", "category": "Fresh Fruits", "name": "White Flesh Nectarine", "price": "about $1.32", "sale_price": "", "previous_price": "", "image_url": "https://assets.shop.loblaws.ca/products/20218569001/b3/en/front/20218569001_front_a06_@2.png", "link": "https://www.loblaws.ca/white-flesh-nectarine/p/20218569001_KG?source=nspt", "brand": "", "package_size": "$11.00/1kg", "unit_price": "$4.99/1lb", "stock": "In stock", "points": "", "date_scraped": "2024-07-03T14:25:49.564314", "product_id": "e203bbbdadc279309ed80ed328d48d2b", "organic": false},
{"store": "loblaws", "category": "Fresh Fruits", "name": "Maya Mango", "price": "$2.99", "sale_price": "", "previous_price": "", "image_url": "https://assets.shop.loblaws.ca/products/20812580001/b3/en/front/20812580001_front_a06_@2.png", "link": "https://www.loblaws.ca/maya-mango/p/20812580001_EA?source=nspt", "brand": "", "package_size": "1 ea", "unit_price": "$2.99/1ea", "stock": "Out of Stock", "points": "", "date_scraped": "2024-07-03T14:25:49.566419", "product_id": "aa4941b25b19098343c7a53cc79908af", "organic": false},
{"store": "loblaws", "category": "Fresh Fruits", "name": "Mangosteen", "price": "$6.00", "sale_price": "", "previous_price": "", "image_url": "https://assets.shop.loblaws.ca/products/21575865001/b3/en/front/21575865001_front_a06_@2.png", "link": "https://www.loblaws.ca/mangosteen/p/21575865001_EA?source=nspt", "brand": "President's Choice", "package_size": "1 ea", "unit_price": "$6.00/1ea", "stock": "In stock", "points": "", "date_scraped": "2024-07-03T14:25:49.567427", "product_id": "482ce0e9c7f5732c68b83070b781ad3e", "organic": false},
{"store": "loblaws", "category": "Fresh Fruits", "name": "Empire Apples, 4 lb Bag", "price": "", "sale_price": "$6.99", "previous_price": "$7.99", "image_url": "https://assets.shop.loblaws.ca/products/20630648001/b3/en/front/20630648001_front_a06_@2.png", "link": "https://www.loblaws.ca/empire-apples-4-lb-bag/p/20630648001_EA?source=nspt", "brand": "Farmer's Market", "package_size": "1.814 kg", "unit_price": "$0.39/100g", "stock": "In stock", "points": "", "date_scraped": "2024-07-03T14:25:49.569725", "product_id": "ff89594896c985d7a478a6efc48c8271", "organic": false},
{"store": "loblaws", "category": "Fresh Fruits", "name": "Black Figs", "price": "$7.99", "sale_price": "", "previous_price": "", "image_url": "https://assets.shop.loblaws.ca/products/21573874001/b3/en/front/21573874001_front_a06_@2.png", "link": "https://www.loblaws.ca/black-figs/p/21573874001_EA?source=nspt", "brand": "", "package_size": "454 g", "unit_price": "$1.76/100g", "stock": "In stock", "points": "", "date_scraped": "2024-07-03T14:25:49.571282", "product_id": "023b4ada6381f5969376c57df3937426", "organic": false},
{"store": "loblaws", "category": "Fresh Fruits", "name": "Organic Granny Smith Apples", "price": "about $1.67", "sale_price": "", "previous_price": "", "image_url": "https://assets.shop.loblaws.ca/products/20186535001/b3/en/front/20186535001_front_a06_@2.png", "link": "https://www.loblaws.ca/organic-granny-smith-apples/p/20186535001_KG?source=nspt", "brand": "PC Organics", "package_size": "$8.80/1kg", "unit_price": "$3.99/1lb", "stock": "In stock", "points": "", "date_scraped": "2024-07-03T14:25:49.572288", "product_id": "b9bde09f0706a8cd044f44cac5a53a88", "organic": true},
{"store": "loblaws", "category": "Fresh Fruits", "name": "Organic Strawberries 1 LB", "price": "$6.99", "sale_price": "", "previous_price": "", "image_url": "https://assets.shop.loblaws.ca/products/20313872001/b3/en/front/20313872001_front_a06_@2.png", "link": "https://www.loblaws.ca/organic-strawberries-1-lb/p/20313872001_EA?source=nspt", "brand": "", "package_size": "454 g", "unit_price": "$1.54/100g", "stock": "In stock", "points": "", "date_scraped": "2024-07-03T14:25:49.573823", "product_id": "004400597c58331e91534da32bf974c5", "organic": true},
{"store": "loblaws", "category": "Fresh Fruits", "name": "Cotton Candy Grapes, Bunch", "price": "about $13.47", "sale_price": "", "previous_price": "", "image_url": "https://assets.shop.loblaws.ca/products/20619235001/b3/en/front/20619235001_front_a06_@2.png", "link": "https://www.loblaws.ca/cotton-candy-grapes-bunch/p/20619235001_KG?source=nspt", "brand": "", "package_size": "$13.21/1kg", "unit_price": "$5.99/1lb", "stock": "Low Stock", "points": "", "date_scraped": "2024-07-03T14:25:49.575387", "product_id": "44d385636383cb5f9578308a44bbd41a", "organic": false},
{"store": "loblaws", "category": "Fresh Fruits", "name": "Chocolate Caramel Apples", "price": "$8.99", "sale_price": "", "previous_price": "", "image_url": "https://assets.shop.loblaws.ca/products/20025930/b3/en/front/20025930_front_a06_@2.png", "link": "https://www.loblaws.ca/chocolate-caramel-apples/p/20025930_EA?source=nspt", "brand": "", "package_size": "1 ea", "unit_price": "$8.99/1ea", "stock": "Out of Stock", "points": "", "date_scraped": "2024-07-03T14:25:49.577106", "product_id": "319794a45eae6aa6c4bb41c32a2997a0", "organic": false},
{"store": "loblaws", "category": "Fresh Fruits", "name": "Plums", "price": "$8.99", "sale_price": "", "previous_price": "", "image_url": "https://assets.shop.loblaws.ca/products/20594316001/b3/en/front/20594316001_front_a06_@2.png", "link": "https://www.loblaws.ca/plums/p/20594316001_EA?source=nspt", "brand": "", "package_size": "907 g", "unit_price": "$8.99/1ea", "stock": "Out of Stock", "points": "", "date_scraped": "2024-07-03T14:25:49.578150", "product_id": "2adc21fc238f754ced59a621b416139f", "organic": false},
{"store": "loblaws", "category": "Fresh Fruits", "name": "Mini Bananas, Bunch", "price": "about $2.17", "sale_price": "", "previous_price": "", "image_url": "https://assets.shop.loblaws.ca/products/20033488001/b3/en/front/20033488001_front_a06_@2.png", "link": "https://www.loblaws.ca/mini-bananas-bunch/p/20033488001_KG?source=nspt", "brand": "", "package_size": "$5.05/1kg", "unit_price": "$2.29/1lb", "stock": "Low Stock", "points": "", "date_scraped": "2024-07-03T14:25:49.579194", "product_id": "5154d38c7d8a6de31caafbcb3fc66d66", "organic": false},
{"store": "loblaws", "category": "Fresh Fruits", "name": "Green Mangoes", "price": "about $10.00", "sale_price": "", "previous_price": "", "image_url": "https://assets.shop.loblaws.ca/products/20862791001/b3/en/front/20862791001_front_a06_@2.png", "link": "https://www.loblaws.ca/green-mangoes/p/20862791001_KG?source=nspt", "brand": "", "package_size": "$7.69/1kg", "unit_price": "$3.49/1lb", "stock": "Out of Stock", "points": "", "date_scraped": "2024-07-03T14:25:49.582012", "product_id": "a540897a16ae69e8d32d3b25f987d570", "organic": false},
{"store": "loblaws", "category": "Fresh Fruits", "name": "Mango, Sweet", "price": "about $3.86", "sale_price": "", "previous_price": "", "image_url": "https://assets.shop.loblaws.ca/products/20868984001/b3/en/front/20868984001_front_a06_@2.png", "link": "https://www.loblaws.ca/mango-sweet/p/20868984001_KG?source=nspt", "brand": "", "package_size": "$9.90/1kg", "unit_price": "$4.49/1lb", "stock": "Out of Stock", "points": "", "date_scraped": "2024-07-03T14:25:49.583566", "product_id": "fe06bd6261286121a7cb2c2a0e077d5d", "organic": false},
{"store": "loblaws", "category": "Fresh Fruits", "name": "Fuji Apples", "price": "", "sale_price": "$6.99", "previous_price": "$7.99", "image_url": "https://assets.shop.loblaws.ca/products/20051827/b3/en/front/20051827_front_a06_@2.png", "link": "https://www.loblaws.ca/fuji-apples/p/20051827_EA?source=nspt", "brand": "Farmer's Market", "package_size": "1.81 kg", "unit_price": "$0.39/100g", "stock": "In stock", "points": "", "date_scraped": "2024-07-03T14:25:49.584574", "product_id": "f19ff7229890423a0704fd1d41a6431e", "organic": false},
{"store": "loblaws", "category": "Fresh Fruits", "name": "Granadillas", "price": "$6.00", "sale_price": "", "previous_price": "", "image_url": "https://assets.shop.loblaws.ca/products/21575901001/b3/en/front/21575901001_front_a06_@2.png", "link": "https://www.loblaws.ca/granadillas/p/21575901001_EA?source=nspt", "brand": "President's Choice", "package_size": "1 ea", "unit_price": "$6.00/1ea", "stock": "Low Stock", "points": "", "date_scraped": "2024-07-03T14:25:49.586677", "product_id": "3d8b703999a1e0a035e0fe05aff4f432", "organic": false},
{"store": "loblaws", "category": "Fresh Fruits", "name": "Imperfect Apples, 6 lb bag", "price": "$8.99", "sale_price": "", "previous_price": "", "image_url": "https://assets.shop.loblaws.ca/products/20868985001/b3/en/front/20868985001_front_a06_@2.png", "link": "https://www.loblaws.ca/imperfect-apples-6-lb-bag/p/20868985001_EA?source=nspt", "brand": "No Name", "package_size": "2.72 kg", "unit_price": "$0.33/100g", "stock": "In stock", "points": "", "date_scraped": "2024-07-03T14:25:49.588249", "product_id": "7161bb689a3d59f3ca73718b994f86a0", "organic": false},
{"store": "loblaws", "category": "Fresh Fruits", "name": "Abate Fetel Pears", "price": "about $2.38", "sale_price": "", "previous_price": "", "image_url": "https://assets.shop.loblaws.ca/products/20168424001/b3/en/front/20168424001_front_a06_@2.png", "link": "https://www.loblaws.ca/abate-fetel-pears/p/20168424001_KG?source=nspt", "brand": "", "package_size": "$9.90/1kg", "unit_price": "$4.49/1lb", "stock": "In stock", "points": "", "date_scraped": "2024-07-03T14:25:49.589773", "product_id": "aac7be9fa3e9c074514a3bf2f125de82", "organic": false},
{"store": "loblaws", "category": "Fresh Fruits", "name": "Mini Seedless Watermelon", "price": "$5.99", "sale_price": "", "previous_price": "", "image_url": "https://assets.shop.loblaws.ca/products/20145379001/b3/en/front/20145379001_front_a06_@2.png", "link": "https://www.loblaws.ca/mini-seedless-watermelon/p/20145379001_EA?source=nspt", "brand": "", "package_size": "1 ea", "unit_price": "$5.99/1ea", "stock": "In stock", "points": "", "date_scraped": "2024-07-03T14:25:49.591055", "product_id": "4ba1495bb290bc0de922d3ce0fef2ffd", "organic": false},
{"store": "loblaws", "category": "Fresh Fruits", "name": "Red Mango (case)", "price": "$9.99", "sale_price": "", "previous_price": "", "image_url": "https://assets.shop.loblaws.ca/products/21439854001/b3/en/front/21439854001_front_a06_@2.png", "link": "https://www.loblaws.ca/red-mango-case/p/21439854001_C01?source=nspt", "brand": "", "package_size": "2 kg", "unit_price": "$0.50/100g", "stock": "In stock", "points": "", "date_scraped": "2024-07-03T14:25:49.592615", "product_id": "ad637cc9d27de45c3df4691b2379379b", "organic": false},
{"store": "loblaws", "category": "Fresh Fruits", "name": "Red Seeded Watermelon", "price": "$12.99", "sale_price": "", "previous_price": "", "image_url": "https://assets.shop.loblaws.ca/products/20090967001/b3/en/front/20090967001_front_a06_@2.png", "link": "https://www.loblaws.ca/red-seeded-watermelon/p/20090967001_EA?source=nspt", "brand": "", "package_size": "1 ea", "unit_price": "$12.99/1ea", "stock": "In stock", "points": "", "date_scraped": "2024-07-03T14:25:49.595049", "product_id": "cef63bc9a2b763d30c49bec2562dab7b", "organic": false},
{"store": "loblaws", "category": "Fresh Fruits", "name": "Red Cherries", "price": "about $10.79", "sale_price": "", "previous_price": "", "image_url": "https://assets.shop.loblaws.ca/products/20058478001/b3/en/front/20058478001_front_a06_@2.png", "link": "https://www.loblaws.ca/red-cherries/p/20058478001_KG?source=nspt", "brand": "PC Organics", "package_size": "$15.41/1kg", "unit_price": "$6.99/1lb", "stock": "Out of Stock", "points": "", "date_scraped": "2024-07-03T14:25:49.597144", "product_id": "5852e83e415cc42745125044a2748959", "organic": false},
{"store": "loblaws", "category": "Fresh Vegetables", "name": "Organics Whole Oyster Mushrooms", "price": "$3.99", "sale_price": "", "previous_price": "", "image_url": "https://assets.shop.loblaws.ca/products/21005184/b3/en/front/21005184_front_a06_@2.png", "link": "https://www.loblaws.ca/organics-whole-oyster-mushrooms/p/21005184_EA?source=nspt", "brand": "PC Organics", "package_size": "100 g", "unit_price": "$3.99/100g", "stock": "Out of Stock", "points": "", "date_scraped": "2024-07-03T14:25:55.005889", "product_id": "c820a1976df72551162d2373e57b9621", "organic": true},
{"store": "loblaws", "category": "Fresh Vegetables", "name": "Carrots, Bunched", "price": "$3.49", "sale_price": "", "previous_price": "", "image_url": "https://assets.shop.loblaws.ca/products/20047449001/b3/en/front/20047449001_front_a06_@2.png", "link": "https://www.loblaws.ca/carrots-bunched/p/20047449001_EA?source=nspt", "brand": "", "package_size": "1 bunch", "unit_price": "$3.49/1ea", "stock": "In stock", "points": "", "date_scraped": "2024-07-03T14:25:55.007971", "product_id": "57d0d020785ca1a508447a606d3a9f21", "organic": false},
{"store": "loblaws", "category": "Fresh Vegetables", "name": "Savorries Cherry Tomatoes", "price": "", "sale_price": "$3.99", "previous_price": "$5.99", "image_url": "https://assets.shop.loblaws.ca/products/21592940001/b3/en/front/21592940001_front_a06_@2.png", "link": "https://www.loblaws.ca/savorries-cherry-tomatoes/p/21592940001_EA?source=nspt", "brand": "", "package_size": "340 g", "unit_price": "$1.17/100g", "stock": "Low Stock", "points": "", "date_scraped": "2024-07-03T14:25:55.010578", "product_id": "c8c9afc5524a8b7c1103e90d32b526d3", "organic": false},
{"store": "loblaws", "category": "Fresh Vegetables", "name": "Collard Greens", "price": "$4.99", "sale_price": "", "previous_price": "", "image_url": "https://assets.shop.loblaws.ca/products/20118251001/b3/en/front/20118251001_front_a06_@2.png", "link": "https://www.loblaws.ca/collard-greens/p/20118251001_EA?source=nspt", "brand": "", "package_size": "1 bunch", "unit_price": "$4.99/1ea", "stock": "Low Stock", "points": "", "date_scraped": "2024-07-03T14:25:55.013773", "product_id": "f383f97cbcccaeb1ea5132496d7c000c", "organic": false},
{"store": "loblaws", "category": "Fresh Vegetables", "name": "Live Lettuce Red/Green, 2-pack", "price": "$5.99", "sale_price": "", "previous_price": "", "image_url": "https://assets.shop.loblaws.ca/products/21212487/b3/en/front/21212487_front_a06_@2.png", "link": "https://www.loblaws.ca/live-lettuce-red-green-2-pack/p/21212487_EA?source=nspt", "brand": "President's Choice", "package_size": "1 ea", "unit_price": "$5.99/1ea", "stock": "In stock", "points": "", "date_scraped": "2024-07-03T14:25:55.016418", "product_id": "81a9feb9da3f0061e584b37ff31fb071", "organic": false},
{"store": "loblaws", "category": "Fresh Vegetables", "name": "Jamaican Ginger", "price": "about $4.05", "sale_price": "", "previous_price": "", "image_url": "https://assets.shop.loblaws.ca/products/20863969001/b3/en/front/20863969001_front_a06_@2.png", "link": "https://www.loblaws.ca/jamaican-ginger/p/20863969001_KG?source=nspt", "brand": "", "package_size": "$17.61/1kg", "unit_price": "$7.99/1lb", "stock": "Out of Stock", "points": "", "date_scraped": "2024-07-03T14:25:55.019042", "product_id": "b664906d2f5f482f68e85f00068ee561", "organic": false},
{"store": "loblaws", "category": "Fresh Vegetables", "name": "Live Lettuce Trio, 2-pack", "price": "$5.99", "sale_price": "", "previous_price": "", "image_url": "https://assets.shop.loblaws.ca/products/21212488/b3/en/front/21212488_front_a06_@2.png", "link": "https://www.loblaws.ca/live-lettuce-trio-2-pack/p/21212488_EA?source=nspt", "brand": "President's Choice", "package_size": "1 ea", "unit_price": "$5.99/1ea", "stock": "In stock", "points": "", "date_scraped": "2024-07-03T14:25:55.021808", "product_id": "ee4783024e2e2f0d0956681fa7de49d4", "organic": false},
{"store": "loblaws", "category": "Fresh Vegetables", "name": "Live Lettuce Green, 2-pack", "price": "$5.99", "sale_price": "", "previous_price": "", "image_url": "https://assets.shop.loblaws.ca/products/21212486/b3/en/front/21212486_front_a06_@2.png", "link": "https://www.loblaws.ca/live-lettuce-green-2-pack/p/21212486_EA?source=nspt", "brand": "President's Choice", "package_size": "1 ea", "unit_price": "$5.99/1ea", "stock": "In stock", "points": "", "date_scraped": "2024-07-03T14:25:55.024436", "product_id": "86f818dba0742304b8fc3351d343af5c", "organic": false},
{"store": "loblaws", "category": "Fresh Vegetables", "name": "Yellow Russet Potatoes, 10 Lbs", "price": "$6.99", "sale_price": "", "previous_price": "", "image_url": "https://assets.shop.loblaws.ca/products/21534199001/b3/en/front/21534199001_front_a06_@2.png", "link": "https://www.loblaws.ca/yellow-russet-potatoes-10-lbs/p/21534199001_EA?source=nspt", "brand": "", "package_size": "4.54 kg", "unit_price": "$0.15/100g", "stock": "In stock", "points": "", "date_scraped": "2024-07-03T14:25:55.026532", "product_id": "fcfbf0bf12b1baa30efb047584f4d99f", "organic": false},
{"store": "loblaws", "category": "Fresh Vegetables", "name": "Jicama", "price": "about $4.70", "sale_price": "", "previous_price": "", "image_url": "https://assets.shop.loblaws.ca/products/20008743001/b3/en/front/20008743001_front_a06_@2.png", "link": "https://www.loblaws.ca/jicama/p/20008743001_KG?source=nspt", "brand": "", "package_size": "$4.39/1kg", "unit_price": "$1.99/1lb", "stock": "In stock", "points": "", "date_scraped": "2024-07-03T14:25:55.028615", "product_id": "b9ec2f66cae2765ebcb70ee173a47424", "organic": false},
{"store": "loblaws", "category": "Fresh Vegetables", "name": "Green Thai Hot Peppers", "price": "$4.99", "sale_price": "", "previous_price": "", "image_url": "https://assets.shop.loblaws.ca/products/21454049001/b3/en/front/21454049001_front_a06_@2.png", "link": "https://www.loblaws.ca/green-thai-hot-peppers/p/21454049001_EA?source=nspt", "brand": "President's Choice", "package_size": "75 g", "unit_price": "$6.65/100g", "stock": "In stock", "points": "", "date_scraped": "2024-07-03T14:25:55.030716", "product_id": "21dcb90e3cd81138755db5c6ebf4f6cf", "organic": false},
{"store": "loblaws", "category": "Fresh Vegetables", "name": "Chinese Carrots, Jumbo", "price": "about $2.77", "sale_price": "", "previous_price": "", "image_url": "https://assets.shop.loblaws.ca/products/20851084001/b3/en/front/20851084001_front_a06_@2.png", "link": "https://www.loblaws.ca/chinese-carrots-jumbo/p/20851084001_KG?source=nspt", "brand": "", "package_size": "$3.73/1kg", "unit_price": "$1.69/1lb", "stock": "In stock", "points": "", "date_scraped": "2024-07-03T14:25:55.033319", "product_id": "015a00cb31253d260a2c9c73c57580db", "organic": false},
{"store": "loblaws", "category": "Fresh Vegetables", "name": "Naked Leaf Living Herbs, Arugula", "price": "$2.99", "sale_price": "", "previous_price": "", "image_url": "https://assets.shop.loblaws.ca/products/20816467001/b3/en/front/20816467001_front_a06_@2.png", "link": "https://www.loblaws.ca/naked-leaf-living-herbs-arugula/p/20816467001_EA?source=nspt", "brand": "", "package_size": "57 g", "unit_price": "$5.25/100g", "stock": "Out of Stock", "points": "", "date_scraped": "2024-07-03T14:25:55.035921", "product_id": "51cd9f85ffae9faf9c1cdcac8805fbb9", "organic": false},
{"store": "loblaws", "category": "Fresh Vegetables", "name": "Wild Violet Sweet Corn", "price": "$6.99", "sale_price": "", "previous_price": "", "image_url": "https://assets.shop.loblaws.ca/products/21584944001/b3/en/front/21584944001_front_a06_@2.png", "link": "https://www.loblaws.ca/wild-violet-sweet-corn/p/21584944001_EA?source=nspt", "brand": "", "package_size": "4 ea", "unit_price": "$1.75/1ea", "stock": "Low Stock", "points": "", "date_scraped": "2024-07-03T14:25:55.036993", "product_id": "e0d6aa9834cb112b9ef6f9a5b9fcf99f", "organic": false},
{"store": "loblaws", "category": "Fresh Vegetables", "name": "Mucci, Sundrops Tomato", "price": "$4.99", "sale_price": "", "previous_price": "", "image_url": "https://assets.shop.loblaws.ca/products/21532206001/b3/en/front/21532206001_front_a06_@2.png", "link": "https://www.loblaws.ca/mucci-sundrops-tomato/p/21532206001_EA?source=nspt", "brand": "", "package_size": "283 g", "unit_price": "$1.76/100g", "stock": "Out of Stock", "points": "", "date_scraped": "2024-07-03T14:25:55.039036", "product_id": "d3fa36a08b780fc4d6109746313bad76", "organic": false},
{"store": "loblaws", "category": "Fresh Vegetables", "name": "Anaheim Hot Peppers", "price": "$4.99", "sale_price": "", "previous_price": "", "image_url": "https://assets.shop.loblaws.ca/products/21454729001/b3/en/front/21454729001_front_a06_@2.png", "link": "https://www.loblaws.ca/anaheim-hot-peppers/p/21454729001_EA?source=nspt", "brand": "President's Choice", "package_size": "170 g", "unit_price": "$2.94/100g", "stock": "In stock", "points": "", "date_scraped": "2024-07-03T14:25:55.040559", "product_id": "d53540b77b03c6d110786bf0d679599a", "organic": false},
{"store": "loblaws", "category": "Fresh Vegetables", "name": "Chanterelle Mushrooms, Dried", "price": "$5.99", "sale_price": "", "previous_price": "", "image_url": "https://assets.shop.loblaws.ca/products/20123799/b3/en/front/20123799_front_a06_@2.png", "link": "https://www.loblaws.ca/chanterelle-mushrooms-dried/p/20123799_EA?source=nspt", "brand": "", "package_size": "14 g", "unit_price": "$42.79/100g", "stock": "In stock", "points": "", "date_scraped": "2024-07-03T14:25:55.042953", "product_id": "1dd9eaacd82c8171c6b8226a78be2a07", "organic": false},
{"store": "loblaws", "category": "Fresh Vegetables", "name": "Organic Yukon Mini Potato", "price": "$4.99", "sale_price": "", "previous_price": "", "image_url": "https://assets.shop.loblaws.ca/products/21029286/b3/en/front/21029286_front_a06_@2.png", "link": "https://www.loblaws.ca/organic-yukon-mini-potato/p/21029286_EA?source=nspt", "brand": "", "package_size": "680 g", "unit_price": "$0.73/100g", "stock": "In stock", "points": "", "date_scraped": "2024-07-03T14:25:55.044520", "product_id": "c814bc7c674d340df5c93f0791bae1b9", "organic": true},
{"store": "loblaws", "category": "Fresh Vegetables", "name": "Peppers", "price": "$4.99", "sale_price": "", "previous_price": "", "image_url": "https://assets.shop.loblaws.ca/products/20690699001/b3/en/front/20690699001_front_a06_@2.png", "link": "https://www.loblaws.ca/peppers/p/20690699001_EA?source=nspt", "brand": "PC Organics", "package_size": "2 pack", "unit_price": "$2.50/1ea", "stock": "In stock", "points": "", "date_scraped": "2024-07-03T14:25:55.046582", "product_id": "8b9f6c1b9e13a64248311dc9b1c78773", "organic": false},
{"store": "loblaws", "category": "Fresh Vegetables", "name": "French Bean", "price": "$8.99", "sale_price": "", "previous_price": "", "image_url": "https://assets.shop.loblaws.ca/products/21218906001/b3/en/front/21218906001_front_a06_@2.png", "link": "https://www.loblaws.ca/french-bean/p/21218906001_EA?source=nspt", "brand": "", "package_size": "680 g", "unit_price": "$1.32/100g", "stock": "Low Stock", "points": "", "date_scraped": "2024-07-03T14:25:55.049244", "product_id": "506f8e3934abab1ae1d26522758889ec", "organic": false},
{"store": "loblaws", "category": "Fresh Vegetables", "name": "Tomatillo", "price": "about $2.00", "sale_price": "", "previous_price": "", "image_url": "https://assets.shop.loblaws.ca/products/20062443001/b3/en/front/20062443001_front_a06_@2.png", "link": "https://www.loblaws.ca/tomatillo/p/20062443001_KG?source=nspt", "brand": "", "package_size": "$15.41/1kg", "unit_price": "$6.99/1lb", "stock": "Out of Stock", "points": "", "date_scraped": "2024-07-03T14:25:55.051902", "product_id": "babbac4d683cbc20c5f48a0140d81633", "organic": false},
{"store": "loblaws", "category": "Fresh Vegetables", "name": "Campari Tomatoes 2lb", "price": "$5.99", "sale_price": "", "previous_price": "", "image_url": "", "link": "https://www.loblaws.ca/campari-tomatoes-2lb/p/20528794_EA?source=nspt", "brand": "", "package_size": "908 g", "unit_price": "$0.66/100g", "stock": "Out of Stock", "points": "", "date_scraped": "2024-07-03T14:25:55.054523", "product_id": "59befc105c263a2abc285f9b3e0fa320", "organic": false},
{"store": "loblaws", "category": "Fresh Vegetables", "name": "Garlic, Peeled", "price": "$3.49", "sale_price": "", "previous_price": "", "image_url": "https://assets.shop.loblaws.ca/products/20636099/b3/en/front/20636099_front_a06_@2.png", "link": "https://www.loblaws.ca/garlic-peeled/p/20636099_EA?source=nspt", "brand": "", "package_size": "250 g", "unit_price": "$1.40/100g", "stock": "In stock", "points": "", "date_scraped": "2024-07-03T14:25:55.058737", "product_id": "b5e92bf6ae189a76096a9d61a091c62b", "organic": false},
{"store": "loblaws", "category": "Fresh Vegetables", "name": "Organic Russet Potatoes, 3 lb bag", "price": "$5.49", "sale_price": "", "previous_price": "", "image_url": "https://assets.shop.loblaws.ca/products/20063146001/b3/en/front/20063146001_front_a06_@2.png", "link": "https://www.loblaws.ca/organic-russet-potatoes-3-lb-bag/p/20063146001_EA?source=nspt", "brand": "PC Organics", "package_size": "1.36 kg", "unit_price": "$0.40/100g", "stock": "In stock", "points": "", "date_scraped": "2024-07-03T14:25:55.061942", "product_id": "5085c09588e445063ed0f9906395eac2", "organic": true},
{"store": "loblaws", "category": "Fresh Vegetables", "name": "Butternut Squash", "price": "about $9.55", "sale_price": "", "previous_price": "", "image_url": "https://assets.shop.loblaws.ca/products/20325274001/b3/en/front/20325274001_front_a06_@2.png", "link": "https://www.loblaws.ca/butternut-squash/p/20325274001_KG?source=nspt", "brand": "", "package_size": "$5.93/1kg", "unit_price": "$2.69/1lb", "stock": "In stock", "points": "", "date_scraped": "2024-07-03T14:25:55.065762", "product_id": "4b1740b83ba93b6d33cec18f96dd4cd0", "organic": false},
{"store": "loblaws", "category": "Fresh Vegetables", "name": "Red Onions, 3 lb Bag", "price": "$7.99", "sale_price": "", "previous_price": "", "image_url": "https://assets.shop.loblaws.ca/products/20811362001/b3/en/front/20811362001_front_a06_@2.png", "link": "https://www.loblaws.ca/red-onions-3-lb-bag/p/20811362001_EA?source=nspt", "brand": "Farmer's Market", "package_size": "1.36 kg", "unit_price": "$0.59/100g", "stock": "In stock", "points": "", "date_scraped": "2024-07-03T14:25:55.069786", "product_id": "1c6d6e52d078f53f409d0f94ad2df0fa", "organic": false},
{"store": "loblaws", "category": "Fresh Vegetables", "name": "Green Garlic", "price": "$4.99", "sale_price": "", "previous_price": "", "image_url": "https://assets.shop.loblaws.ca/products/20898870/b3/en/front/20898870_front_a06_@2.png", "link": "https://www.loblaws.ca/green-garlic/p/20898870_EA?source=nspt", "brand": "", "package_size": "1 ea", "unit_price": "$4.99/1ea", "stock": "Out of Stock", "points": "", "date_scraped": "2024-07-03T14:25:55.074402", "product_id": "079e78ff79247e1852f3ee0bcd2deb7b", "organic": false},
{"store": "loblaws", "category": "Fresh Vegetables", "name": "Organic Collard Greens", "price": "$4.99", "sale_price": "", "previous_price": "", "image_url": "https://assets.shop.loblaws.ca/products/20563934001/b3/en/front/20563934001_front_a06_@2.png", "link": "https://www.loblaws.ca/organic-collard-greens/p/20563934001_EA?source=nspt", "brand": "", "package_size": "1 bunch", "unit_price": "$4.99/1ea", "stock": "In stock", "points": "", "date_scraped": "2024-07-03T14:25:55.077795", "product_id": "9919294ecc17d7fb5ad5918a1506722e", "organic": true},
{"store": "loblaws", "category": "Fresh Vegetables", "name": "Shiitake Mushrooms, Dried", "price": "$4.99", "sale_price": "", "previous_price": "", "image_url": "https://assets.shop.loblaws.ca/products/20120147/b3/en/front/20120147_front_a06_@2.png", "link": "https://www.loblaws.ca/shiitake-mushrooms-dried/p/20120147_EA?source=nspt", "brand": "", "package_size": "14 g", "unit_price": "$35.64/100g", "stock": "Out of Stock", "points": "", "date_scraped": "2024-07-03T14:25:55.081439", "product_id": "d1098f02fdf0028d88acba6557797e25", "organic": false},
{"store": "loblaws", "category": "Fresh Vegetables", "name": "Rhubarb", "price": "$6.99", "sale_price": "", "previous_price": "", "image_url": "https://assets.shop.loblaws.ca/products/20899644001/b3/en/front/20899644001_front_a06_@2.png", "link": "https://www.loblaws.ca/rhubarb/p/20899644001_EA?source=nspt", "brand": "", "package_size": "454 g", "unit_price": "$1.54/100g", "stock": "In stock", "points": "", "date_scraped": "2024-07-03T14:25:55.085141", "product_id": "78a0703340a08b1cfbc9d6d41e59c904", "organic": false},
{"store": "loblaws", "category": "Fresh Vegetables", "name": "Organics Whole Cremini Mushrooms", "price": "", "sale_price": "2 FOR $6.00", "previous_price": "", "image_url": "https://assets.shop.loblaws.ca/products/21021565/b3/en/front/21021565_front_a06_@2.png", "link": "https://www.loblaws.ca/organics-whole-cremini-mushrooms/p/21021565_EA?source=nspt", "brand": "PC Organics", "package_size": "227 g", "unit_price": "$1.54/100g", "stock": "In stock", "points": "", "date_scraped": "2024-07-03T14:25:55.088802", "product_id": "62fe494f8f5bdbd610928b69c0da25c6", "organic": true},
{"store": "loblaws", "category": "Fresh Vegetables", "name": "Cubanelle Peppers", "price": "about $1.87", "sale_price": "", "previous_price": "", "image_url": "https://assets.shop.loblaws.ca/products/20049810001/b3/en/front/20049810001_front_a06_@2.png", "link": "https://www.loblaws.ca/cubanelle-peppers/p/20049810001_KG?source=nspt", "brand": "", "package_size": "$11.00/1kg", "unit_price": "$4.99/1lb", "stock": "In stock", "points": "", "date_scraped": "2024-07-03T14:25:55.091948", "product_id": "7346b32e5539fb8226f1dc47807e8866", "organic": false},
{"store": "loblaws", "category": "Fresh Vegetables", "name": "Jamaican Pumpkin", "price": "about $6.59", "sale_price": "", "previous_price": "", "image_url": "https://assets.shop.loblaws.ca/products/20615981001/b3/en/front/20615981001_front_a06_@2.png", "link": "https://www.loblaws.ca/jamaican-pumpkin/p/20615981001_KG?source=nspt", "brand": "", "package_size": "$4.39/1kg", "unit_price": "$1.99/1lb", "stock": "In stock", "points": "", "date_scraped": "2024-07-03T14:25:55.095108", "product_id": "4ea8f531ca50870488d1147cee910556", "organic": false},
{"store": "loblaws", "category": "Fresh Vegetables", "name": "Rutabaga", "price": "about $3.61", "sale_price": "", "previous_price": "", "image_url": "https://assets.shop.loblaws.ca/products/20164563001/b3/en/front/20164563001_front_a06_@2.png", "link": "https://www.loblaws.ca/rutabaga/p/20164563001_KG?source=nspt", "brand": "", "package_size": "$3.28/1kg", "unit_price": "$1.49/1lb", "stock": "In stock", "points": "", "date_scraped": "2024-07-03T14:25:55.097831", "product_id": "e24c26bac7dffef7dea77a3a755bde16", "organic": false},
{"store": "loblaws", "category": "Fresh Vegetables", "name": "Organics Portobello Mushroom Caps", "price": "$5.99", "sale_price": "", "previous_price": "", "image_url": "https://assets.shop.loblaws.ca/products/21005197/b3/en/front/21005197_front_a06_@2.png", "link": "https://www.loblaws.ca/organics-portobello-mushroom-caps/p/21005197_EA?source=nspt", "brand": "PC Organics", "package_size": "240 g", "unit_price": "$2.50/100g", "stock": "In stock", "points": "", "date_scraped": "2024-07-03T14:25:55.101395", "product_id": "dd3c66934ac9defb068ea63dbc31bd56", "organic": true},
{"store": "loblaws", "category": "Fresh Vegetables", "name": "Vietnamese Basil", "price": "about $2.33", "sale_price": "", "previous_price": "", "image_url": "https://assets.shop.loblaws.ca/products/20863300001/b3/en/front/20863300001_front_a06_@2.png", "link": "https://www.loblaws.ca/vietnamese-basil/p/20863300001_KG?source=nspt", "brand": "", "package_size": "$39.62/1kg", "unit_price": "$17.98/1lb", "stock": "Out of Stock", "points": "", "date_scraped": "2024-07-03T14:25:55.105483", "product_id": "3f85e5f5e8f9b097b4a0a09486f79bdb", "organic": false},
{"store": "loblaws", "category": "Fresh Vegetables", "name": "Snap Peas", "price": "", "sale_price": "$4.99", "previous_price": "$5.49", "image_url": "https://assets.shop.loblaws.ca/products/20712998/b3/en/front/20712998_front_a06_@2.png", "link": "https://www.loblaws.ca/snap-peas/p/20712998_EA?source=nspt", "brand": "Manns", "package_size": "227 g", "unit_price": "$2.20/100g", "stock": "In stock", "points": "", "date_scraped": "2024-07-03T14:25:55.108080", "product_id": "fd498d6b19c620d3d2ffcab55b4ee561", "organic": false},
{"store": "loblaws", "category": "Fresh Vegetables", "name": "Romaine Lettuce Hearts", "price": "$7.99", "sale_price": "", "previous_price": "", "image_url": "https://assets.shop.loblaws.ca/products/20599776001/b3/en/front/20599776001_front_a06_@2.png", "link": "https://www.loblaws.ca/romaine-lettuce-hearts/p/20599776001_EA?source=nspt", "brand": "PC Organics", "package_size": "3 ea", "unit_price": "$2.66/1ea", "stock": "In stock", "points": "", "date_scraped": "2024-07-03T14:25:55.110131", "product_id": "5a8ee2867f3e235b103584ae0e1a4a41", "organic": false},
{"store": "loblaws", "category": "Fresh Vegetables", "name": "Organic Yellow Potatoes, 3 lb Bag", "price": "$6.99", "sale_price": "", "previous_price": "", "image_url": "https://assets.shop.loblaws.ca/products/20075900/b3/en/front/20075900_front_a06_@2.png", "link": "https://www.loblaws.ca/organic-yellow-potatoes-3-lb-bag/p/20075900_EA?source=nspt", "brand": "PC Organics", "package_size": "3 lb bag", "unit_price": "$0.51/100g", "stock": "In stock", "points": "", "date_scraped": "2024-07-03T14:25:55.112544", "product_id": "308d55b48e689e3ac695b58d6e0a4e15", "organic": true},
{"store": "loblaws", "category": "Fresh Vegetables", "name": "Purple Eggplants", "price": "about $3.76", "sale_price": "", "previous_price": "", "image_url": "https://assets.shop.loblaws.ca/products/20155709001/b3/en/front/20155709001_front_a06_@2.png", "link": "https://www.loblaws.ca/purple-eggplants/p/20155709001_KG?source=nspt", "brand": "", "package_size": "$6.59/1kg", "unit_price": "$2.99/1lb", "stock": "In stock", "points": "", "date_scraped": "2024-07-03T14:25:55.114116", "product_id": "c979a04d8a02cbf09f43d7c964e7358a", "organic": false},
{"store": "loblaws", "category": "Fresh Vegetables", "name": "Green Zucchini", "price": "$5.99", "sale_price": "", "previous_price": "", "image_url": "https://assets.shop.loblaws.ca/products/21042179001/b3/en/front/21042179001_front_a06_@2.png", "link": "https://www.loblaws.ca/green-zucchini/p/21042179001_EA?source=nspt", "brand": "", "package_size": "3000 ml", "unit_price": "$0.20/100ml", "stock": "In stock", "points": "", "date_scraped": "2024-07-03T14:25:55.117721", "product_id": "2db18df062e23c38e44e48a8d630b8ff", "organic": false},
{"store": "loblaws", "category": "Fresh Vegetables", "name": "Baby Bok Choy", "price": "about $5.08", "sale_price": "", "previous_price": "", "image_url": "https://assets.shop.loblaws.ca/products/20082279001/b3/en/front/20082279001_front_a06_@2.png", "link": "https://www.loblaws.ca/baby-bok-choy/p/20082279001_KG?source=nspt", "brand": "", "package_size": "$7.69/1kg", "unit_price": "$3.49/1lb", "stock": "In stock", "points": "", "date_scraped": "2024-07-03T14:25:55.119820", "product_id": "6e9f447098bdcf7cb99b5f445693e0d6", "organic": false},
{"store": "loblaws", "category": "Fresh Vegetables", "name": "Escarole", "price": "$3.99", "sale_price": "", "previous_price": "", "image_url": "https://assets.shop.loblaws.ca/products/20181243001/b3/en/front/20181243001_front_a06_@2.png", "link": "https://www.loblaws.ca/escarole/p/20181243001_EA?source=nspt", "brand": "", "package_size": "1 ea", "unit_price": "$3.99/1ea", "stock": "In stock", "points": "", "date_scraped": "2024-07-03T14:25:55.122828", "product_id": "aa5ed53a6d2ce83c13567f8eeda61fa9", "organic": false},
{"store": "loblaws", "category": "Fresh Vegetables", "name": "Spaghetti Squash", "price": "about $7.47", "sale_price": "", "previous_price": "", "image_url": "https://assets.shop.loblaws.ca/products/20307900001/b3/en/front/20307900001_front_a06_@2.png", "link": "https://www.loblaws.ca/spaghetti-squash/p/20307900001_KG?source=nspt", "brand": "", "package_size": "$5.93/1kg", "unit_price": "$2.69/1lb", "stock": "In stock", "points": "", "date_scraped": "2024-07-03T14:25:55.125430", "product_id": "cd4ab1874e67a14743068c401f13ee45", "organic": false},
{"store": "loblaws", "category": "Fresh Vegetables", "name": "Organic Cremini Mushrooms", "price": "$8.99", "sale_price": "", "previous_price": "", "image_url": "https://assets.shop.loblaws.ca/products/21166445001/b3/en/front/21166445001_front_a06_@2.png", "link": "https://www.loblaws.ca/organic-cremini-mushrooms/p/21166445001_EA?source=nspt", "brand": "PC Organics", "package_size": "680 g", "unit_price": "$1.32/100g", "stock": "Out of Stock", "points": "", "date_scraped": "2024-07-03T14:25:55.130638", "product_id": "afa10b73b87ed61ee2443668ddec2e43", "organic": true},
{"store": "loblaws", "category": "Fresh Vegetables", "name": "Radicchio Lettuce", "price": "about $4.10", "sale_price": "", "previous_price": "", "image_url": "https://assets.shop.loblaws.ca/products/20149995001/b3/en/front/20149995001_front_a06_@2.png", "link": "https://www.loblaws.ca/radicchio-lettuce/p/20149995001_KG?source=nspt", "brand": "", "package_size": "$13.21/1kg", "unit_price": "$5.99/1lb", "stock": "In stock", "points": "", "date_scraped": "2024-07-03T14:25:55.133760", "product_id": "8084839f21fc881eb648cc019c611f3f", "organic": false},
{"store": "loblaws", "category": "Fresh Vegetables", "name": "Italian Eggplants", "price": "about $2.24", "sale_price": "", "previous_price": "", "image_url": "https://assets.shop.loblaws.ca/products/20051660001/b3/en/front/20051660001_front_a06_@2.png", "link": "https://www.loblaws.ca/italian-eggplants/p/20051660001_KG?source=nspt", "brand": "", "package_size": "$12.43/1kg", "unit_price": "$5.64/1lb", "stock": "Out of Stock", "points": "", "date_scraped": "2024-07-03T14:25:55.136617", "product_id": "3903e35c87663224661a7ccb6abd139b", "organic": false},
{"store": "loblaws", "category": "Fresh Vegetables", "name": "Live Lettuce Boston", "price": "$3.99", "sale_price": "", "previous_price": "", "image_url": "https://assets.shop.loblaws.ca/products/21212489/b3/en/front/21212489_front_a06_@2.png", "link": "https://www.loblaws.ca/live-lettuce-boston/p/21212489_EA?source=nspt", "brand": "President's Choice", "package_size": "1 ea", "unit_price": "$3.99/1ea", "stock": "In stock", "points": "", "date_scraped": "2024-07-03T14:25:55.139765", "product_id": "26feed636149f11d35d388a3e2c28c20", "organic": false},
{"store": "loblaws", "category": "Fresh Fruits", "name": "Red Seeded Watermelon", "price": "$12.99", "sale_price": "", "previous_price": "", "image_url": "https://assets.shop.loblaws.ca/products/20090967001/b3/en/front/20090967001_front_a06_@2.png", "link": "https://www.loblaws.ca/red-seeded-watermelon/p/20090967001_EA?source=nspt", "brand": "", "package_size": "1 ea", "unit_price": "$12.99/1ea", "stock": "In stock", "points": "", "date_scraped": "2024-07-03T14:25:55.148660", "product_id": "cef63bc9a2b763d30c49bec2562dab7b", "organic": false},
{"store": "loblaws", "category": "Fresh Fruits", "name": "Halo Mandarin, 2 lb bag", "price": "$6.99", "sale_price": "", "previous_price": "", "image_url": "https://assets.shop.loblaws.ca/products/21092325001/b3/en/front/21092325001_front_a06_@2.png", "link": "https://www.loblaws.ca/halo-mandarin-2-lb-bag/p/21092325001_EA?source=nspt", "brand": "", "package_size": "907 g", "unit_price": "$0.77/100g", "stock": "In stock", "points": "", "date_scraped": "2024-07-03T14:25:55.149703", "product_id": "4f6b9e64cd8fa573325f6a9757308daa", "organic": false},
{"store": "loblaws", "category": "Fresh Fruits", "name": "Canary Melon", "price": "about $5.44", "sale_price": "", "previous_price": "", "image_url": "https://assets.shop.loblaws.ca/products/21022511001/b3/en/front/21022511001_front_a06_@2.png", "link": "https://www.loblaws.ca/canary-melon/p/21022511001_KG?source=nspt", "brand": "", "package_size": "", "unit_price": "$2.49/1lb", "stock": "In stock", "points": "", "date_scraped": "2024-07-03T14:25:55.151254", "product_id": "ac1ec006fce212d63ac5c24e5e34ce68", "organic": false},
{"store": "loblaws", "category": "Fresh Fruits", "name": "Organic Blackberries", "price": "$6.99", "sale_price": "", "previous_price": "", "image_url": "https://assets.shop.loblaws.ca/products/20128072001/b3/en/front/20128072001_front_a06_@2.png", "link": "https://www.loblaws.ca/organic-blackberries/p/20128072001_EA?source=nspt", "brand": "", "package_size": "170 g", "unit_price": "$4.11/100g", "stock": "In stock", "points": "", "date_scraped": "2024-07-03T14:25:55.154392", "product_id": "4ca17a902f04c1391757bf237ddbf70d", "organic": true},
{"store": "loblaws", "category": "Fresh Fruits", "name": "Physalis (Gooseberries)", "price": "$4.99", "sale_price": "", "previous_price": "", "image_url": "https://assets.shop.loblaws.ca/products/20845869/b3/en/front/20845869_front_a06_@2.png", "link": "https://www.loblaws.ca/physalis-gooseberries/p/20845869_EA?source=nspt", "brand": "", "package_size": "200 g", "unit_price": "$2.50/100g", "stock": "In stock", "points": "", "date_scraped": "2024-07-03T14:25:55.155441", "product_id": "4bfe1873df4088eaf874d88e275c12a8", "organic": false},
{"store": "loblaws", "category": "Fresh Fruits", "name": "Blueberries", "price": "$7.99", "sale_price": "", "previous_price": "", "image_url": "https://assets.shop.loblaws.ca/products/21179969001/b3/en/front/21179969001_front_a06_@2.png", "link": "https://www.loblaws.ca/blueberries/p/21179969001_EA?source=nspt", "brand": "PC Organics", "package_size": "277 g", "unit_price": "$2.88/100g", "stock": "In stock", "points": "", "date_scraped": "2024-07-03T14:25:55.156484", "product_id": "47ba0991fc15e580c224bd46e99ac0ac", "organic": false},
{"store": "loblaws", "category": "Fresh Fruits", "name": "Rambutan", "price": "$9.99", "sale_price": "", "previous_price": "", "image_url": "https://assets.shop.loblaws.ca/products/20732115001/b3/en/front/20732115001_front_a06_@2.png", "link": "https://www.loblaws.ca/rambutan/p/20732115001_EA?source=nspt", "brand": "", "package_size": "1 ea", "unit_price": "$9.99/1ea", "stock": "Out of Stock", "points": "", "date_scraped": "2024-07-03T14:25:55.158052", "product_id": "e15173edd427c444c7837b50e98f40a6", "organic": false},
{"store": "loblaws", "category": "Fresh Fruits", "name": "Apricot", "price": "$8.99", "sale_price": "", "previous_price": "", "image_url": "https://assets.shop.loblaws.ca/products/21050512001/b3/en/front/21050512001_front_a06_@2.png", "link": "https://www.loblaws.ca/apricot/p/21050512001_EA?source=nspt", "brand": "PC Organics", "package_size": "680 g", "unit_price": "$1.32/100g", "stock": "Out of Stock", "points": "", "date_scraped": "2024-07-03T14:25:55.159165", "product_id": "480d0d9c44dd98abd36d4455c38b003a", "organic": false},
{"store": "loblaws", "category": "Fresh Fruits", "name": "Organic Green Kiwi", "price": "$5.99", "sale_price": "", "previous_price": "", "image_url": "https://assets.shop.loblaws.ca/products/21307662001/b3/en/front/21307662001_front_a06_@2.png", "link": "https://www.loblaws.ca/organic-green-kiwi/p/21307662001_EA?source=nspt", "brand": "", "package_size": "454 g", "unit_price": "$1.32/100g", "stock": "Low Stock", "points": "", "date_scraped": "2024-07-03T14:25:55.160204", "product_id": "689aa13738ce0d0deeeaf5e2db1d73c9", "organic": true},
{"store": "loblaws", "category": "Fresh Fruits", "name": "Coconuts", "price": "$1.99", "sale_price": "", "previous_price": "", "image_url": "https://assets.shop.loblaws.ca/products/20005774001/b3/en/front/20005774001_front_a06_@2.png", "link": "https://www.loblaws.ca/coconuts/p/20005774001_EA?source=nspt", "brand": "", "package_size": "1 ea", "unit_price": "$1.99/1ea", "stock": "In stock", "points": "", "date_scraped": "2024-07-03T14:25:55.161242", "product_id": "4cd5a656428fad73febc8ac55d68af6e", "organic": false},
{"store": "loblaws", "category": "Fresh Fruits", "name": "Breadfruit", "price": "about $10.30", "sale_price": "", "previous_price": "", "image_url": "https://assets.shop.loblaws.ca/products/20866318001/b3/en/front/20866318001_front_a06_@2.png", "link": "https://www.loblaws.ca/breadfruit/p/20866318001_KG?source=nspt", "brand": "", "package_size": "$8.80/1kg", "unit_price": "$3.99/1lb", "stock": "Out of Stock", "points": "", "date_scraped": "2024-07-03T14:25:55.162820", "product_id": "a894121d61e25d2afc28b424f8c901b8", "organic": false},
{"store": "loblaws", "category": "Fresh Fruits", "name": "2 LB Blueberries", "price": "$8.99", "sale_price": "", "previous_price": "", "image_url": "https://assets.shop.loblaws.ca/products/20141763001/b3/en/front/20141763001_front_a06_@2.png", "link": "https://www.loblaws.ca/2-lb-blueberries/p/20141763001_EA?source=nspt", "brand": "", "package_size": "907 g", "unit_price": "$0.99/100g", "stock": "Out of Stock", "points": "", "date_scraped": "2024-07-03T14:25:55.163873", "product_id": "8ed8ecc3455263e0c401ef340096d855", "organic": false},
{"store": "loblaws", "category": "Fresh Vegetables", "name": "Italian Eggplants", "price": "about $2.24", "sale_price": "", "previous_price": "", "image_url": "https://assets.shop.loblaws.ca/products/20051660001/b3/en/front/20051660001_front_a06_@2.png", "link": "https://www.loblaws.ca/italian-eggplants/p/20051660001_KG?source=nspt", "brand": "", "package_size": "$12.43/1kg", "unit_price": "$5.64/1lb", "stock": "Out of Stock", "points": "", "date_scraped": "2024-07-03T14:26:01.010291", "product_id": "3903e35c87663224661a7ccb6abd139b", "organic": false},
{"store": "loblaws", "category": "Fresh Vegetables", "name": "Live Lettuce Boston", "price": "$3.99", "sale_price": "", "previous_price": "", "image_url": "https://assets.shop.loblaws.ca/products/21212489/b3/en/front/21212489_front_a06_@2.png", "link": "https://www.loblaws.ca/live-lettuce-boston/p/21212489_EA?source=nspt", "brand": "President's Choice", "package_size": "1 ea", "unit_price": "$3.99/1ea", "stock": "In stock", "points": "", "date_scraped": "2024-07-03T14:26:01.011815", "product_id": "26feed636149f11d35d388a3e2c28c20", "organic": false},
{"store": "loblaws", "category": "Fresh Vegetables", "name": "Hot Finger Peppers", "price": "about $0.29", "sale_price": "", "previous_price": "", "image_url": "https://assets.shop.loblaws.ca/products/20083681001/b3/en/front/20083681001_front_a06_@2.png", "link": "https://www.loblaws.ca/hot-finger-peppers/p/20083681001_KG?source=nspt", "brand": "", "package_size": "$24.23/1kg", "unit_price": "$10.99/1lb", "stock": "Out of Stock", "points": "", "date_scraped": "2024-07-03T14:26:01.013815", "product_id": "dfbb501403d728f6c7394ca1bb5ae9cc", "organic": false},
{"store": "loblaws", "category": "Fresh Vegetables", "name": "Peppers Mini", "price": "$6.99", "sale_price": "", "previous_price": "", "image_url": "https://assets.shop.loblaws.ca/products/21240519001/b3/en/front/21240519001_front_a06_@2.png", "link": "https://www.loblaws.ca/peppers-mini/p/21240519001_EA?source=nspt", "brand": "PC Organics", "package_size": "227 g", "unit_price": "$3.08/100g", "stock": "In stock", "points": "", "date_scraped": "2024-07-03T14:26:01.015954", "product_id": "e5e79e5c03ba921383334c54eb07e353", "organic": false},
{"store": "loblaws", "category": "Fresh Vegetables", "name": "Vidalia Onions, 3 lb Bag", "price": "$7.99", "sale_price": "", "previous_price": "", "image_url": "https://assets.shop.loblaws.ca/products/20157705001/b3/en/front/20157705001_front_a06_@2.png", "link": "https://www.loblaws.ca/vidalia-onions-3-lb-bag/p/20157705001_EA?source=nspt", "brand": "", "package_size": "1.36 kg", "unit_price": "$0.59/100g", "stock": "In stock", "points": "", "date_scraped": "2024-07-03T14:26:01.017521", "product_id": "b486ebab50fb52f4ece3d2a335044d51", "organic": false},
{"store": "loblaws", "category": "Fresh Vegetables", "name": "Mini Sweet Peppers", "price": "$5.99", "sale_price": "", "previous_price": "", "image_url": "https://assets.shop.loblaws.ca/products/20920821001/b3/en/front/20920821001_front_a06_@2.png", "link": "https://www.loblaws.ca/mini-sweet-peppers/p/20920821001_EA?source=nspt", "brand": "President's Choice", "package_size": "454 g", "unit_price": "$1.32/100g", "stock": "In stock", "points": "", "date_scraped": "2024-07-03T14:26:01.018527", "product_id": "f99d570b190c58e41109b323585fbddb", "organic": false},
{"store": "loblaws", "category": "Fresh Vegetables", "name": "Brussels Sprouts", "price": "$0.88", "sale_price": "", "previous_price": "", "image_url": "https://assets.shop.loblaws.ca/products/20036155001/b3/en/front/20036155001_front_a06_@2.png", "link": "https://www.loblaws.ca/brussels-sprouts/p/20036155001_KG?source=nspt", "brand": "", "package_size": "$8.80/1kg", "unit_price": "$3.99/1lb", "stock": "In stock", "points": "", "date_scraped": "2024-07-03T14:26:01.021963", "product_id": "820bc987deca35a407b8736c34f52bfc", "organic": false},
{"store": "loblaws", "category": "Fresh Vegetables", "name": "Sweet Nantes Carrots", "price": "$3.99", "sale_price": "", "previous_price": "", "image_url": "https://assets.shop.loblaws.ca/products/21302363001/b3/en/front/21302363001_front_a06_@2.png", "link": "https://www.loblaws.ca/sweet-nantes-carrots/p/21302363001_EA?source=nspt", "brand": "", "package_size": "454 g", "unit_price": "$0.88/100g", "stock": "In stock", "points": "", "date_scraped": "2024-07-03T14:26:01.025147", "product_id": "3fcbe17076ed8b49edddd9070965384c", "organic": false},
{"store": "loblaws", "category": "Fresh Vegetables", "name": "Shallots", "price": "$6.99", "sale_price": "", "previous_price": "", "image_url": "https://assets.shop.loblaws.ca/products/21461311001/b3/en/front/21461311001_front_a06_@2.png", "link": "https://www.loblaws.ca/shallots/p/21461311001_EA?source=nspt", "brand": "", "package_size": "750 g", "unit_price": "$0.93/100g", "stock": "In stock", "points": "", "date_scraped": "2024-07-03T14:26:01.029519", "product_id": "2c0e380df9288292c77badf42d9c6187", "organic": false},
{"store": "loblaws", "category": "Fresh Vegetables", "name": "Live Lettuce Green", "price": "$3.99", "sale_price": "", "previous_price": "", "image_url": "https://assets.shop.loblaws.ca/products/21178855/b3/en/front/21178855_front_a06_@2.png", "link": "https://www.loblaws.ca/live-lettuce-green/p/21178855_EA?source=nspt", "brand": "President's Choice", "package_size": "350 g", "unit_price": "$3.99/1ea", "stock": "In stock", "points": "", "date_scraped": "2024-07-03T14:26:01.032151", "product_id": "eccf36ad1f607dcbffc6db4708f86d6e", "organic": false},
{"store": "loblaws", "category": "Fresh Vegetables", "name": "Zucchini 2.5L", "price": "$3.49", "sale_price": "", "previous_price": "", "image_url": "https://assets.shop.loblaws.ca/products/21105530001/b3/en/front/21105530001_front_a06_@2.png", "link": "https://www.loblaws.ca/zucchini-2-5l/p/21105530001_EA?source=nspt", "brand": "No Name", "package_size": "1.13 kg", "unit_price": "$0.31/100g", "stock": "In stock", "points": "", "date_scraped": "2024-07-03T14:26:01.034243", "product_id": "a5f94b38d0a21701401a46d77ce4d426", "organic": false},
{"store": "loblaws", "category": "Fresh Vegetables", "name": "Oven BBQ Ready Onion Chive Potatoes", "price": "$4.99", "sale_price": "", "previous_price": "", "image_url": "https://assets.shop.loblaws.ca/products/21397958/b3/en/front/21397958_front_a06_@2.png", "link": "https://www.loblaws.ca/oven-bbq-ready-onion-chive-potatoes/p/21397958_EA?source=nspt", "brand": "The Little Potato Company", "package_size": "454 g", "unit_price": "$1.10/100g", "stock": "In stock", "points": "", "date_scraped": "2024-07-03T14:26:01.035814", "product_id": "16fea75b5c72d1b8ad341ab1a6ffe3ae", "organic": false},
{"store": "loblaws", "category": "Fresh Vegetables", "name": "Yellow Yams", "price": "about $5.50", "sale_price": "", "previous_price": "", "image_url": "https://assets.shop.loblaws.ca/products/20070018001/b3/en/front/20070018001_front_a06_@2.png", "link": "https://www.loblaws.ca/yellow-yams/p/20070018001_KG?source=nspt", "brand": "", "package_size": "$11.00/1kg", "unit_price": "$4.99/1lb", "stock": "In stock", "points": "", "date_scraped": "2024-07-03T14:26:01.037384", "product_id": "1ec5d040e352be369e27c1e78b64cf54", "organic": false},
{"store": "loblaws", "category": "Fresh Vegetables", "name": "Carrot Chips", "price": "$3.49", "sale_price": "", "previous_price": "", "image_url": "https://assets.shop.loblaws.ca/products/20885999/b3/en/front/20885999_front_a06_@2.png", "link": "https://www.loblaws.ca/carrot-chips/p/20885999_EA?source=nspt", "brand": "Farmer's Market", "package_size": "454 g", "unit_price": "$0.77/100g", "stock": "In stock", "points": "", "date_scraped": "2024-07-03T14:26:01.038945", "product_id": "e7de02b5c4b6e3ee1edfe09a78fcaa99", "organic": false},
{"store": "loblaws", "category": "Fresh Vegetables", "name": "Endive", "price": "$5.99", "sale_price": "", "previous_price": "", "image_url": "https://assets.shop.loblaws.ca/products/20899441001/b3/en/front/20899441001_front_a06_@2.png", "link": "https://www.loblaws.ca/endive/p/20899441001_EA?source=nspt", "brand": "", "package_size": "300 g", "unit_price": "$2.00/100g", "stock": "In stock", "points": "", "date_scraped": "2024-07-03T14:26:01.040504", "product_id": "0b1f8a5f0f34cee9fba74aa1a4fd6d64", "organic": false},
{"store": "loblaws", "category": "Fresh Vegetables", "name": "Zucchini Flower", "price": "$7.99", "sale_price": "", "previous_price": "", "image_url": "https://assets.shop.loblaws.ca/products/20711924/b3/en/front/20711924_front_a06_@2.png", "link": "https://www.loblaws.ca/zucchini-flower/p/20711924_EA?source=nspt", "brand": "", "package_size": "30 g", "unit_price": "$26.63/100g", "stock": "Out of Stock", "points": "", "date_scraped": "2024-07-03T14:26:01.043104", "product_id": "410bad934868b7ac179983a480e0a927", "organic": false},
{"store": "loblaws", "category": "Fresh Vegetables", "name": "Turmeric", "price": "about $4.32", "sale_price": "", "previous_price": "", "image_url": "https://assets.shop.loblaws.ca/products/20863447001/b3/en/front/20863447001_front_a06_@2.png", "link": "https://www.loblaws.ca/turmeric/p/20863447001_KG?source=nspt", "brand": "", "package_size": "$30.84/1kg", "unit_price": "$13.99/1lb", "stock": "Low Stock", "points": "", "date_scraped": "2024-07-03T14:26:01.046150", "product_id": "ec20918e6c6a70a5eb4cb4f674d76465", "organic": false},
{"store": "loblaws", "category": "Fresh Vegetables", "name": "Turnips", "price": "about $2.50", "sale_price": "", "previous_price": "", "image_url": "https://assets.shop.loblaws.ca/products/20136107001/b3/en/front/20136107001_front_a06_@2.png", "link": "https://www.loblaws.ca/turnips/p/20136107001_KG?source=nspt", "brand": "", "package_size": "$6.59/1kg", "unit_price": "$2.99/1lb", "stock": "In stock", "points": "", "date_scraped": "2024-07-03T14:26:01.048841", "product_id": "d395f95af087c2dd5711f0c53d05c48c", "organic": false},
{"store": "loblaws", "category": "Fresh Vegetables", "name": "Organic Green Onions", "price": "$1.99", "sale_price": "", "previous_price": "", "image_url": "https://assets.shop.loblaws.ca/products/20603423001/b3/en/front/20603423001_front_a06_@2.png", "link": "https://www.loblaws.ca/organic-green-onions/p/20603423001_EA?source=nspt", "brand": "PC Organics", "package_size": "1 bunch", "unit_price": "$1.99/1ea", "stock": "In stock", "points": "", "date_scraped": "2024-07-03T14:26:01.051483", "product_id": "78a367868df121898e678332fd23e8b1", "organic": true},
{"store": "loblaws", "category": "Fresh Vegetables", "name": "Portobello Mushrooms, Bulk", "price": "about $1.85", "sale_price": "", "previous_price": "", "image_url": "https://assets.shop.loblaws.ca/products/20160721001/b3/en/front/20160721001_front_a06_@2.png", "link": "https://www.loblaws.ca/portobello-mushrooms-bulk/p/20160721001_KG?source=nspt", "brand": "", "package_size": "$15.41/1kg", "unit_price": "$6.99/1lb", "stock": "Out of Stock", "points": "", "date_scraped": "2024-07-03T14:26:01.053561", "product_id": "0f24cc941cdfd6913b159a54307b3036", "organic": false},
{"store": "loblaws", "category": "Fresh Vegetables", "name": "Organics Yellow Onions, 2 lb Bag", "price": "$5.99", "sale_price": "", "previous_price": "", "image_url": "https://assets.shop.loblaws.ca/products/20107532/b3/en/front/20107532_front_a06_@2.png", "link": "https://www.loblaws.ca/organics-yellow-onions-2-lb-bag/p/20107532_EA?source=nspt", "brand": "PC Organics", "package_size": "907 g", "unit_price": "$0.66/100g", "stock": "In stock", "points": "", "date_scraped": "2024-07-03T14:26:01.056214", "product_id": "831f20a2e45c3e290b1babfcccc5b07b", "organic": true},
{"store": "loblaws", "category": "Fresh Vegetables", "name": "Oven BBQ Ready Garlic Herb Potatoes", "price": "$4.99", "sale_price": "", "previous_price": "", "image_url": "https://assets.shop.loblaws.ca/products/21391616/b3/en/front/21391616_front_a06_@2.png", "link": "https://www.loblaws.ca/oven-bbq-ready-garlic-herb-potatoes/p/21391616_EA?source=nspt", "brand": "The Little Potato Company", "package_size": "454 g", "unit_price": "$1.10/100g", "stock": "In stock", "points": "", "date_scraped": "2024-07-03T14:26:01.058296", "product_id": "04a241fa154d312e0d2b94c160a51ede", "organic": false},
{"store": "loblaws", "category": "Fresh Vegetables", "name": "Leeks", "price": "$5.99", "sale_price": "", "previous_price": "", "image_url": "https://assets.shop.loblaws.ca/products/20090117001/b3/en/front/20090117001_front_a06_@2.png", "link": "https://www.loblaws.ca/leeks/p/20090117001_EA?source=nspt", "brand": "", "package_size": "1 bunch", "unit_price": "$5.99/1ea", "stock": "In stock", "points": "", "date_scraped": "2024-07-03T14:26:01.059898", "product_id": "cd1c525f6aea56b62c872d0bd46948b2", "organic": false},
{"store": "loblaws", "category": "Fresh Vegetables", "name": "Organics Baby Cut Carrots, 2 lb bag", "price": "$6.99", "sale_price": "", "previous_price": "", "image_url": "https://assets.shop.loblaws.ca/products/20628932001/b3/en/front/20628932001_front_a06_@2.png", "link": "https://www.loblaws.ca/organics-baby-cut-carrots-2-lb-bag/p/20628932001_EA?source=nspt", "brand": "PC Organics", "package_size": "907 g", "unit_price": "$0.77/100g", "stock": "In stock", "points": "", "date_scraped": "2024-07-03T14:26:01.061449", "product_id": "17148286c081690fa66d1bac50fb3602", "organic": true},
{"store": "loblaws", "category": "Fresh Vegetables", "name": "Naturally Imperfect Potatoes 15lb", "price": "$7.99", "sale_price": "", "previous_price": "", "image_url": "https://assets.shop.loblaws.ca/products/20944462001/b3/en/front/20944462001_front_a06_@2.png", "link": "https://www.loblaws.ca/naturally-imperfect-potatoes-15lb/p/20944462001_EA?source=nspt", "brand": "No Name", "package_size": "6804 g", "unit_price": "$0.12/100g", "stock": "Out of Stock", "points": "", "date_scraped": "2024-07-03T14:26:01.063527", "product_id": "fe63ebc7d0f25c6b920dfd3b14495fd7", "organic": false},
{"store": "loblaws", "category": "Fresh Vegetables", "name": "Fenugreek", "price": "$2.49", "sale_price": "", "previous_price": "", "image_url": "https://assets.shop.loblaws.ca/products/20159689001/b3/en/front/20159689001_front_a06_@2.png", "link": "https://www.loblaws.ca/fenugreek/p/20159689001_EA?source=nspt", "brand": "", "package_size": "1 bunch", "unit_price": "$2.49/1ea", "stock": "In stock", "points": "", "date_scraped": "2024-07-03T14:26:01.066427", "product_id": "8ab2e99d5fd590963ebe8e6852d23bb3", "organic": false},
{"store": "loblaws", "category": "Fresh Vegetables", "name": "Carrots", "price": "$5.99", "sale_price": "", "previous_price": "", "image_url": "https://assets.shop.loblaws.ca/products/20945332001/b3/en/front/20945332001_front_a06_@2.png", "link": "https://www.loblaws.ca/carrots/p/20945332001_EA?source=nspt", "brand": "No Name", "package_size": "2270 g", "unit_price": "$0.26/100g", "stock": "Out of Stock", "points": "", "date_scraped": "2024-07-03T14:26:01.068510", "product_id": "ab63e9eb68f24d56cd4e1628ef180ae2", "organic": false},
{"store": "loblaws", "category": "Fresh Vegetables", "name": "White Asparagus", "price": "about $7.93", "sale_price": "", "previous_price": "", "image_url": "https://assets.shop.loblaws.ca/products/20276183001/b3/en/front/20276183001_front_a06_@2.png", "link": "https://www.loblaws.ca/white-asparagus/p/20276183001_KG?source=nspt", "brand": "", "package_size": "$19.82/1kg", "unit_price": "$8.99/1lb", "stock": "Out of Stock", "points": "", "date_scraped": "2024-07-03T14:26:01.070078", "product_id": "c27c37d16b85a2d4dee42f6540e0e800", "organic": false},
{"store": "loblaws", "category": "Fresh Vegetables", "name": "Roma Tomatoes. Half Bushel Case", "price": "$14.99", "sale_price": "", "previous_price": "", "image_url": "https://assets.shop.loblaws.ca/products/21104476001/b3/en/front/21104476001_front_a06_@2.png", "link": "https://www.loblaws.ca/roma-tomatoes-half-bushel-case/p/21104476001_EA?source=nspt", "brand": "", "package_size": "1 case", "unit_price": "$14.99/1ea", "stock": "Out of Stock", "points": "", "date_scraped": "2024-07-03T14:26:01.072175", "product_id": "3fe1a4838dfdbc96b9ab84f55ce6779b", "organic": false},
{"store": "loblaws", "category": "Fresh Vegetables", "name": "Opo Squash", "price": "about $2.77", "sale_price": "", "previous_price": "", "image_url": "https://assets.shop.loblaws.ca/products/20142055001/b3/en/front/20142055001_front_a06_@2.png", "link": "https://www.loblaws.ca/opo-squash/p/20142055001_KG?source=nspt", "brand": "", "package_size": "$4.39/1kg", "unit_price": "$1.99/1lb", "stock": "In stock", "points": "", "date_scraped": "2024-07-03T14:26:01.074827", "product_id": "7c60bd022394d27c35f0779309c38f1a", "organic": false},
{"store": "loblaws", "category": "Fresh Vegetables", "name": "Carrots", "price": "about $0.71", "sale_price": "", "previous_price": "", "image_url": "https://assets.shop.loblaws.ca/products/20116186001/b3/en/front/20116186001_front_a06_@2.png", "link": "https://www.loblaws.ca/carrots/p/20116186001_KG?source=nspt", "brand": "", "package_size": "$5.49/1kg", "unit_price": "$2.49/1lb", "stock": "In stock", "points": "", "date_scraped": "2024-07-03T14:26:01.076337", "product_id": "5e3ab31f5c1a694c82f2ec94e12aff5a", "organic": false},
{"store": "loblaws", "category": "Fresh Vegetables", "name": "Live Lettuce Red, 1-count", "price": "$3.99", "sale_price": "", "previous_price": "", "image_url": "https://assets.shop.loblaws.ca/products/21506580/b3/en/front/21506580_front_a06_@2.png", "link": "https://www.loblaws.ca/live-lettuce-red-1-count/p/21506580_EA?source=nspt", "brand": "President's Choice", "package_size": "350 g", "unit_price": "$3.99/1ea", "stock": "Out of Stock", "points": "", "date_scraped": "2024-07-03T14:26:01.078345", "product_id": "bf86a03ec8619c4e7b1297e40c50be46", "organic": false},
{"store": "loblaws", "category": "Fresh Vegetables", "name": "White Potatoes, 5 lb Bag", "price": "$6.99", "sale_price": "", "previous_price": "", "image_url": "https://assets.shop.loblaws.ca/products/20600995001/b3/en/front/20600995001_front_a06_@2.png", "link": "https://www.loblaws.ca/white-potatoes-5-lb-bag/p/20600995001_EA?source=nspt", "brand": "President's Choice", "package_size": "2.268 kg", "unit_price": "$0.31/100g", "stock": "In stock", "points": "", "date_scraped": "2024-07-03T14:26:01.080853", "product_id": "0bda1d78a11f0bddf73b1d2c9f51ee11", "organic": false},
{"store": "loblaws", "category": "Fresh Vegetables", "name": "Loose Baby Spinach", "price": "$1.76", "sale_price": "", "previous_price": "", "image_url": "https://assets.shop.loblaws.ca/products/20678733001/b3/en/front/20678733001_front_a06_@2.png", "link": "https://www.loblaws.ca/loose-baby-spinach/p/20678733001_KG?source=nspt", "brand": "", "package_size": "$17.62/1kg", "unit_price": "$7.99/1lb", "stock": "Out of Stock", "points": "", "date_scraped": "2024-07-03T14:26:01.082858", "product_id": "e5c66cb5c3b20d552dd5791742ea980b", "organic": false},
{"store": "loblaws", "category": "Fresh Vegetables", "name": "Ruby & Golden Little Gems Potatoes", "price": "$7.99", "sale_price": "", "previous_price": "", "image_url": "https://assets.shop.loblaws.ca/products/21037948001/b3/en/front/21037948001_front_a06_@2.png", "link": "https://www.loblaws.ca/ruby-golden-little-gems-potatoes/p/21037948001_EA?source=nspt", "brand": "Farmer's Market", "package_size": "1.36 kg", "unit_price": "$0.59/100g", "stock": "In stock", "points": "", "date_scraped": "2024-07-03T14:26:01.085870", "product_id": "44fee5b5729b70adc78293222757eb75", "organic": false},
{"store": "loblaws", "category": "Fresh Vegetables", "name": "Kohlrabi", "price": "about $3.23", "sale_price": "", "previous_price": "", "image_url": "https://assets.shop.loblaws.ca/products/20178532001/b3/en/front/20178532001_front_a06_@2.png", "link": "https://www.loblaws.ca/kohlrabi/p/20178532001_KG?source=nspt", "brand": "", "package_size": "$6.59/1kg", "unit_price": "$2.99/1lb", "stock": "In stock", "points": "", "date_scraped": "2024-07-03T14:26:01.087400", "product_id": "0b615dd71d6b1d9a24be25ffc7bfb7c0", "organic": false},
{"store": "loblaws", "category": "Fresh Vegetables", "name": "Red Potatoes, 5 lb Bag", "price": "$6.99", "sale_price": "", "previous_price": "", "image_url": "https://assets.shop.loblaws.ca/products/20600999001/b3/en/front/20600999001_front_a06_@2.png", "link": "https://www.loblaws.ca/red-potatoes-5-lb-bag/p/20600999001_EA?source=nspt", "brand": "President's Choice", "package_size": "2.268 kg", "unit_price": "$0.31/100g", "stock": "In stock", "points": "", "date_scraped": "2024-07-03T14:26:01.088976", "product_id": "04e39b37cc2322b6f26faf077bbd7f37", "organic": false},
{"store": "loblaws", "category": "Fresh Vegetables", "name": "Spinach, Bunched", "price": "$2.49", "sale_price": "", "previous_price": "", "image_url": "https://assets.shop.loblaws.ca/products/20162840001/b3/en/front/20162840001_front_a06_@2.png", "link": "https://www.loblaws.ca/spinach-bunched/p/20162840001_EA?source=nspt", "brand": "", "package_size": "1 ea", "unit_price": "$2.49/1ea", "stock": "In stock", "points": "", "date_scraped": "2024-07-03T14:26:01.091084", "product_id": "9abed658e221d7fa8ebff29a3d80a218", "organic": false},
{"store": "loblaws", "category": "Fresh Vegetables", "name": "Russet Potatoes, 5 lb Bag", "price": "", "sale_price": "$3.99", "previous_price": "$4.99", "image_url": "https://assets.shop.loblaws.ca/products/20616206001/b3/en/front/20616206001_front_a06_@2.png", "link": "https://www.loblaws.ca/russet-potatoes-5-lb-bag/p/20616206001_EA?source=nspt", "brand": "President's Choice", "package_size": "2.268 kg", "unit_price": "$0.18/100g", "stock": "In stock", "points": "", "date_scraped": "2024-07-03T14:26:01.093598", "product_id": "ee51398a7c391a115754acd9504ed1e8", "organic": false},
{"store": "loblaws", "category": "Fresh Vegetables", "name": "Broccolini", "price": "$3.69", "sale_price": "", "previous_price": "", "image_url": "https://assets.shop.loblaws.ca/products/20154907/b3/en/front/20154907_front_a06_@2.png", "link": "https://www.loblaws.ca/broccolini/p/20154907_EA?source=nspt", "brand": "", "package_size": "1 bunch", "unit_price": "$3.69/1ea", "stock": "In stock", "points": "", "date_scraped": "2024-07-03T14:26:01.096916", "product_id": "2f326fbbbbc7588d09db87f4f926881e", "organic": false},
{"store": "loblaws", "category": "Fresh Vegetables", "name": "Red Beets, 2 lb Bag", "price": "$4.99", "sale_price": "", "previous_price": "", "image_url": "https://assets.shop.loblaws.ca/products/20069522001/b3/en/front/20069522001_front_a06_@2.png", "link": "https://www.loblaws.ca/red-beets-2-lb-bag/p/20069522001_EA?source=nspt", "brand": "", "package_size": "907 g", "unit_price": "$0.55/100g", "stock": "In stock", "points": "", "date_scraped": "2024-07-03T14:26:01.099469", "product_id": "1975b0de184f8a0690141d55d8572814", "organic": false},
{"store": "loblaws", "category": "Fresh Vegetables", "name": "Curly Endive", "price": "$2.99", "sale_price": "", "previous_price": "", "image_url": "https://assets.shop.loblaws.ca/products/20020368001/b3/en/front/20020368001_front_a06_@2.png", "link": "https://www.loblaws.ca/curly-endive/p/20020368001_EA?source=nspt", "brand": "", "package_size": "1 ea", "unit_price": "$2.99/1ea", "stock": "In stock", "points": "", "date_scraped": "2024-07-03T14:26:01.103295", "product_id": "2a89ebf83242070b64f66b4d5c42baa8", "organic": false},
{"store": "loblaws", "category": "Fresh Vegetables", "name": "Tomatillo", "price": "$5.99", "sale_price": "", "previous_price": "", "image_url": "https://assets.shop.loblaws.ca/products/21454332001/b3/en/front/21454332001_front_a06_@2.png", "link": "https://www.loblaws.ca/tomatillo/p/21454332001_EA?source=nspt", "brand": "President's Choice", "package_size": "340 g", "unit_price": "$1.76/100g", "stock": "In stock", "points": "", "date_scraped": "2024-07-03T14:26:01.106428", "product_id": "d5840b9d057d9062b6b12775233a148c", "organic": false},
{"store": "loblaws", "category": "Fresh Vegetables", "name": "Morel Mushrooms, Dried", "price": "$12.99", "sale_price": "", "previous_price": "", "image_url": "https://assets.shop.loblaws.ca/products/20179714/b3/en/front/20179714_front_a06_@2.png", "link": "https://www.loblaws.ca/morel-mushrooms-dried/p/20179714_EA?source=nspt", "brand": "", "package_size": "14 g", "unit_price": "$92.79/100g", "stock": "In stock", "points": "", "date_scraped": "2024-07-03T14:26:01.108343", "product_id": "533cbf87abb980eb48e98d34db3c2aa7", "organic": false},
{"store": "loblaws", "category": "Fresh Vegetables", "name": "Organic Mushroom Umami Mix", "price": "$4.99", "sale_price": "", "previous_price": "", "image_url": "https://assets.shop.loblaws.ca/products/21005517/b3/en/front/21005517_front_a06_@2.png", "link": "https://www.loblaws.ca/organic-mushroom-umami-mix/p/21005517_EA?source=nspt", "brand": "PC Organics", "package_size": "150 g", "unit_price": "$3.33/100g", "stock": "In stock", "points": "", "date_scraped": "2024-07-03T14:26:01.110422", "product_id": "362b2d8950a0c85427c7f8f4275950e4", "organic": true},
{"store": "loblaws", "category": "Fresh Vegetables", "name": "Snow Peas", "price": "$3.49", "sale_price": "", "previous_price": "", "image_url": "https://assets.shop.loblaws.ca/products/21023553001/b3/en/front/21023553001_front_a06_@2.png", "link": "https://www.loblaws.ca/snow-peas/p/21023553001_EA?source=nspt", "brand": "", "package_size": "200 g", "unit_price": "$1.75/100g", "stock": "Out of Stock", "points": "", "date_scraped": "2024-07-03T14:26:01.112427", "product_id": "f39c927a0996f74f8a58dd2c6b9bcd64", "organic": false},
{"store": "loblaws", "category": "Fresh Vegetables", "name": "Jamaican Aloe", "price": "about $1.51", "sale_price": "", "previous_price": "", "image_url": "https://assets.shop.loblaws.ca/products/20866469001/b3/en/front/20866469001_front_a06_@2.png", "link": "https://www.loblaws.ca/jamaican-aloe/p/20866469001_KG?source=nspt", "brand": "", "package_size": "$2.84/1kg", "unit_price": "$1.29/1lb", "stock": "In stock", "points": "", "date_scraped": "2024-07-03T14:26:01.116589", "product_id": "9e51e2c33f1ffa8e67015efe9bb98b3b", "organic": false},
{"store": "loblaws", "category": "Fresh Vegetables", "name": "Yellow Potatoes", "price": "about $1.98", "sale_price": "", "previous_price": "", "image_url": "https://assets.shop.loblaws.ca/products/20106716001/b3/en/front/20106716001_front_a06_@2.png", "link": "https://www.loblaws.ca/yellow-potatoes/p/20106716001_KG?source=nspt", "brand": "", "package_size": "$6.59/1kg", "unit_price": "$2.99/1lb", "stock": "In stock", "points": "", "date_scraped": "2024-07-03T14:26:01.119216", "product_id": "5bb1fec87fed5c32f897651606fc6edb", "organic": false},
{"store": "loblaws", "category": "Fresh Vegetables", "name": "Red Potatoes", "price": "about $1.71", "sale_price": "", "previous_price": "", "image_url": "https://assets.shop.loblaws.ca/products/20426724001/b3/en/front/20426724001_front_a06_@2.png", "link": "https://www.loblaws.ca/red-potatoes/p/20426724001_KG?source=nspt", "brand": "", "package_size": "$6.59/1kg", "unit_price": "$2.99/1lb", "stock": "In stock", "points": "", "date_scraped": "2024-07-03T14:26:06.834751", "product_id": "5d202689f0e4ac0bcb354d5d3a712992", "organic": false},
{"store": "loblaws", "category": "Fresh Vegetables", "name": "Microwave Ready Lemon and Garden Herb Potatoes", "price": "$4.99", "sale_price": "", "previous_price": "", "image_url": "https://assets.shop.loblaws.ca/products/21393908/b3/en/front/21393908_front_a06_@2.png", "link": "https://www.loblaws.ca/microwave-ready-lemon-and-garden-herb-potatoes/p/21393908_EA?source=nspt", "brand": "The Little Potato Company", "package_size": "454 g", "unit_price": "$1.10/100g", "stock": "In stock", "points": "", "date_scraped": "2024-07-03T14:26:06.836273", "product_id": "e0f42aa522f3f3fea6d48c2d4b99310f", "organic": false},
{"store": "loblaws", "category": "Fresh Vegetables", "name": "Organics Whole Shitake Mushrooms", "price": "$4.99", "sale_price": "", "previous_price": "", "image_url": "https://assets.shop.loblaws.ca/products/20626629/b3/en/front/20626629_front_a06_@2.png", "link": "https://www.loblaws.ca/organics-whole-shitake-mushrooms/p/20626629_EA?source=nspt", "brand": "PC Organics", "package_size": "100 g", "unit_price": "$4.99/100g", "stock": "Low Stock", "points": "", "date_scraped": "2024-07-03T14:26:06.838280", "product_id": "6192f73501061ac2350e1de0f91e3af6", "organic": true},
{"store": "loblaws", "category": "Fresh Vegetables", "name": "Kale", "price": "$3.99", "sale_price": "", "previous_price": "", "image_url": "https://assets.shop.loblaws.ca/products/20138805001/b3/en/front/20138805001_front_a06_@2.png", "link": "https://www.loblaws.ca/kale/p/20138805001_EA?source=nspt", "brand": "", "package_size": "1 bunch", "unit_price": "$3.99/1ea", "stock": "In stock", "points": "", "date_scraped": "2024-07-03T14:26:06.839787", "product_id": "1e5e9757e1358c54c04a1224fab1dafe", "organic": false},
{"store": "loblaws", "category": "Fresh Vegetables", "name": "Jamaican Thyme", "price": "about $2.31", "sale_price": "", "previous_price": "", "image_url": "https://assets.shop.loblaws.ca/products/20866301001/b3/en/front/20866301001_front_a06_@2.png", "link": "https://www.loblaws.ca/jamaican-thyme/p/20866301001_KG?source=nspt", "brand": "", "package_size": "$33.05/1kg", "unit_price": "$15.00/1lb", "stock": "Out of Stock", "points": "", "date_scraped": "2024-07-03T14:26:06.841795", "product_id": "96a54de9361f11dd613d23d63a385497", "organic": false},
{"store": "loblaws", "category": "Fresh Vegetables", "name": "Lemon Grass, 2 Pack", "price": "$2.99", "sale_price": "", "previous_price": "", "image_url": "https://assets.shop.loblaws.ca/products/21193203001/b3/en/front/21193203001_front_a06_@2.png", "link": "https://www.loblaws.ca/lemon-grass-2-pack/p/21193203001_EA?source=nspt", "brand": "", "package_size": "104 g", "unit_price": "$2.88/100g", "stock": "In stock", "points": "", "date_scraped": "2024-07-03T14:26:06.843795", "product_id": "f72a4c42d25bfadcfbf60d979342c070", "organic": false},
{"store": "loblaws", "category": "Fresh Vegetables", "name": "Matchstick Carrots", "price": "$2.99", "sale_price": "", "previous_price": "", "image_url": "https://assets.shop.loblaws.ca/products/20136399/b3/en/front/20136399_front_a06_@2.png", "link": "https://www.loblaws.ca/matchstick-carrots/p/20136399_EA?source=nspt", "brand": "", "package_size": "283 g", "unit_price": "$1.06/100g", "stock": "In stock", "points": "", "date_scraped": "2024-07-03T14:26:06.846368", "product_id": "68dc62a511112813f7c8909667d60cf6", "organic": false},
{"store": "loblaws", "category": "Fresh Vegetables", "name": "Chanterelle Mushrooms", "price": "$1.38", "sale_price": "", "previous_price": "", "image_url": "https://assets.shop.loblaws.ca/products/20760993/b3/en/front/20760993_front_a06_@2.png", "link": "https://www.loblaws.ca/chanterelle-mushrooms/p/20760993_KG?source=nspt", "brand": "", "package_size": "$5.51/100g", "unit_price": "$55.09/1kg", "stock": "Out of Stock", "points": "", "date_scraped": "2024-07-03T14:26:06.849058", "product_id": "1fd92499b5a0b81f7f0a74aba1b32f8f", "organic": false},
{"store": "loblaws", "category": "Fresh Vegetables", "name": "Chayote Squash", "price": "$7.69", "sale_price": "", "previous_price": "", "image_url": "https://assets.shop.loblaws.ca/products/20891206001/b3/en/front/20891206001_front_a06_@2.png", "link": "https://www.loblaws.ca/chayote-squash/p/20891206001_KG?source=nspt", "brand": "", "package_size": "", "unit_price": "$7.69/1kg", "stock": "In stock", "points": "", "date_scraped": "2024-07-03T14:26:06.850650", "product_id": "2670ae65955dd52d661c6c5a83a36e91", "organic": false},
{"store": "loblaws", "category": "Fresh Vegetables", "name": "Baby Napa", "price": "$6.59", "sale_price": "", "previous_price": "", "image_url": "https://assets.shop.loblaws.ca/products/21024088001/b3/en/front/21024088001_front_a06_@2.png", "link": "https://www.loblaws.ca/baby-napa/p/21024088001_KG?source=nspt", "brand": "", "package_size": "", "unit_price": "$6.59/1kg", "stock": "In stock", "points": "", "date_scraped": "2024-07-03T14:26:06.852657", "product_id": "1d5e20caab3af8032baf581bc407c6c5", "organic": false},
{"store": "loblaws", "category": "Fresh Vegetables", "name": "Red Leaf Lettuce", "price": "$2.99", "sale_price": "", "previous_price": "", "image_url": "https://assets.shop.loblaws.ca/products/20305726001/b3/en/front/20305726001_front_a06_@2.png", "link": "https://www.loblaws.ca/red-leaf-lettuce/p/20305726001_EA?source=nspt", "brand": "", "package_size": "1 ea", "unit_price": "$2.99/1ea", "stock": "In stock", "points": "", "date_scraped": "2024-07-03T14:26:06.855258", "product_id": "3675bfc3baa902bc7b97de845ee91ee9", "organic": false},
{"store": "loblaws", "category": "Fresh Vegetables", "name": "Poblano Hot Peppers", "price": "$4.99", "sale_price": "", "previous_price": "", "image_url": "https://assets.shop.loblaws.ca/products/21454747001/b3/en/front/21454747001_front_a06_@2.png", "link": "https://www.loblaws.ca/poblano-hot-peppers/p/21454747001_EA?source=nspt", "brand": "President's Choice", "package_size": "226 g", "unit_price": "$2.21/100g", "stock": "In stock", "points": "", "date_scraped": "2024-07-03T14:26:06.856824", "product_id": "314f7f784dab3e2bf5dc59932429a783", "organic": false},
{"store": "loblaws", "category": "Fresh Vegetables", "name": "White Mushrooms", "price": "about $0.36", "sale_price": "", "previous_price": "", "image_url": "https://assets.shop.loblaws.ca/products/20321225001/b3/en/front/20321225001_front_a06_@2.png", "link": "https://www.loblaws.ca/white-mushrooms/p/20321225001_KG?source=nspt", "brand": "", "package_size": "$1.21/100g", "unit_price": "$12.10/1kg", "stock": "Out of Stock", "points": "", "date_scraped": "2024-07-03T14:26:06.859145", "product_id": "3dea67a1f9777c9fff53dca0f35a68d4", "organic": false},
{"store": "loblaws", "category": "Fresh Vegetables", "name": "Savoy Cabbage", "price": "about $4.28", "sale_price": "", "previous_price": "", "image_url": "https://assets.shop.loblaws.ca/products/21291599001/b3/en/front/21291599001_front_a06_@2.png", "link": "https://www.loblaws.ca/savoy-cabbage/p/21291599001_KG?source=nspt", "brand": "", "package_size": "", "unit_price": "$4.39/1kg", "stock": "In stock", "points": "", "date_scraped": "2024-07-03T14:26:06.861144", "product_id": "e47db465a2e1c848192bc4133f6efae4", "organic": false},
{"store": "loblaws", "category": "Fresh Vegetables", "name": "Organic Black Kale", "price": "$4.99", "sale_price": "", "previous_price": "", "image_url": "https://assets.shop.loblaws.ca/products/21095249001/b3/en/front/21095249001_front_a06_@2.png", "link": "https://www.loblaws.ca/organic-black-kale/p/21095249001_EA?source=nspt", "brand": "", "package_size": "1 bunch", "unit_price": "$1.05/100g", "stock": "In stock", "points": "", "date_scraped": "2024-07-03T14:26:06.863199", "product_id": "3370074bdc451beddd0b912aca682523", "organic": true},
{"store": "loblaws", "category": "Fresh Vegetables", "name": "Fresh Creamer Potatoes Roasted Garlic, Rosemary & Thyme", "price": "$4.99", "sale_price": "", "previous_price": "", "image_url": "https://assets.shop.loblaws.ca/products/21450100/b3/en/front/21450100_front_a06_@2.png", "link": "https://www.loblaws.ca/fresh-creamer-potatoes-roasted-garlic-rosemary-thy/p/21450100_EA?source=nspt", "brand": "The Little Potato Company", "package_size": "454 g", "unit_price": "$1.10/100g", "stock": "In stock", "points": "", "date_scraped": "2024-07-03T14:26:06.865321", "product_id": "1c298ecc107b2ca766f2bde86926ee15", "organic": false},
{"store": "loblaws", "category": "Fresh Vegetables", "name": "Snap Peas", "price": "$6.99", "sale_price": "", "previous_price": "", "image_url": "https://assets.shop.loblaws.ca/products/20645558/b3/en/front/20645558_front_a06_@2.png", "link": "https://www.loblaws.ca/snap-peas/p/20645558_EA?source=nspt", "brand": "Manns", "package_size": "425 g", "unit_price": "$1.64/100g", "stock": "In stock", "points": "", "date_scraped": "2024-07-03T14:26:06.866326", "product_id": "7687094a00930bd28aea40f2537b51c8", "organic": false},
{"store": "loblaws", "category": "Fresh Vegetables", "name": "Bean Sprouts", "price": "$1.99", "sale_price": "", "previous_price": "", "image_url": "https://assets.shop.loblaws.ca/products/20058232001/b3/en/front/20058232001_front_a06_@2.png", "link": "https://www.loblaws.ca/bean-sprouts/p/20058232001_EA?source=nspt", "brand": "", "package_size": "454 g", "unit_price": "$0.44/100g", "stock": "In stock", "points": "", "date_scraped": "2024-07-03T14:26:06.869362", "product_id": "06ed7c491ceddc72a435588cd09f2375", "organic": false},
{"store": "loblaws", "category": "Fresh Vegetables", "name": "Acorn Squash", "price": "about $4.98", "sale_price": "", "previous_price": "", "image_url": "https://assets.shop.loblaws.ca/products/20071263001/b3/en/front/20071263001_front_a06_@2.png", "link": "https://www.loblaws.ca/acorn-squash/p/20071263001_KG?source=nspt", "brand": "", "package_size": "$5.93/1kg", "unit_price": "$2.69/1lb", "stock": "In stock", "points": "", "date_scraped": "2024-07-03T14:26:06.872373", "product_id": "98394fb9aadf2b7dc680c2da71011230", "organic": false},
{"store": "loblaws", "category": "Fresh Vegetables", "name": "Ginger", "price": "$4.99", "sale_price": "", "previous_price": "", "image_url": "https://assets.shop.loblaws.ca/products/21102204001/b3/en/front/21102204001_front_a06_@2.png", "link": "https://www.loblaws.ca/ginger/p/21102204001_EA?source=nspt", "brand": "PC Organics", "package_size": "160 g", "unit_price": "$3.12/100g", "stock": "In stock", "points": "", "date_scraped": "2024-07-03T14:26:06.928161", "product_id": "ed469e34a0ae4ae129840a7f590e0a40", "organic": false},
{"store": "loblaws", "category": "Fresh Vegetables", "name": "Dried Porcini Mushrooms    ", "price": "$5.99", "sale_price": "", "previous_price": "", "image_url": "https://assets.shop.loblaws.ca/products/20064292/b3/en/front/20064292_front_a06_@2.png", "link": "https://www.loblaws.ca/dried-porcini-mushrooms/p/20064292_EA?source=nspt", "brand": "", "package_size": "14 g", "unit_price": "$42.79/100g", "stock": "In stock", "points": "", "date_scraped": "2024-07-03T14:26:06.956152", "product_id": "cb4cd7721f26b7db803a1668ff4f4535", "organic": false},
{"store": "loblaws", "category": "Fresh Vegetables", "name": "Organic Red Potatoes, 3 lb Bag", "price": "$6.99", "sale_price": "", "previous_price": "", "image_url": "https://assets.shop.loblaws.ca/products/20009380/b3/en/front/20009380_front_a06_@2.png", "link": "https://www.loblaws.ca/organic-red-potatoes-3-lb-bag/p/20009380_EA?source=nspt", "brand": "PC Organics", "package_size": "1.36 kg", "unit_price": "$0.51/100g", "stock": "In stock", "points": "", "date_scraped": "2024-07-03T14:26:06.958782", "product_id": "c3f31d720ace1bdffa53bb8972ef6486", "organic": true},
{"store": "loblaws", "category": "Fresh Vegetables", "name": "Radish", "price": "$2.99", "sale_price": "", "previous_price": "", "image_url": "https://assets.shop.loblaws.ca/products/20175513001/b3/en/front/20175513001_front_a06_@2.png", "link": "https://www.loblaws.ca/radish/p/20175513001_EA?source=nspt", "brand": "", "package_size": "454 g", "unit_price": "$0.66/100g", "stock": "In stock", "points": "", "date_scraped": "2024-07-03T14:26:06.961387", "product_id": "e0a5b32736da389cbaf0a6fb207ce72a", "organic": false},
{"store": "loblaws", "category": "Fresh Vegetables", "name": "Organic Leeks", "price": "$5.99", "sale_price": "", "previous_price": "", "image_url": "https://assets.shop.loblaws.ca/products/20003351001/b3/en/front/20003351001_front_a06_@2.png", "link": "https://www.loblaws.ca/organic-leeks/p/20003351001_EA?source=nspt", "brand": "", "package_size": "1 bunch", "unit_price": "$5.99/1ea", "stock": "In stock", "points": "", "date_scraped": "2024-07-03T14:26:06.962974", "product_id": "b4d8869b23470e61fa21f30306fbd078", "organic": true},
{"store": "loblaws", "category": "Fresh Vegetables", "name": "Fennel", "price": "$4.99", "sale_price": "", "previous_price": "", "image_url": "https://assets.shop.loblaws.ca/products/20003346001/b3/en/front/20003346001_front_a06_@2.png", "link": "https://www.loblaws.ca/fennel/p/20003346001_EA?source=nspt", "brand": "", "package_size": "1 ea", "unit_price": "$4.99/1ea", "stock": "In stock", "points": "", "date_scraped": "2024-07-03T14:26:06.965600", "product_id": "dd3ed6a195fe7144758d69b1f33fdb44", "organic": false},
{"store": "loblaws", "category": "Fresh Vegetables", "name": "Caribbean Sweet Potatoes", "price": "about $1.36", "sale_price": "", "previous_price": "", "image_url": "https://assets.shop.loblaws.ca/products/20169868001/b3/en/front/20169868001_front_a06_@2.png", "link": "https://www.loblaws.ca/caribbean-sweet-potatoes/p/20169868001_KG?source=nspt", "brand": "", "package_size": "$4.39/1kg", "unit_price": "$1.99/1lb", "stock": "In stock", "points": "", "date_scraped": "2024-07-03T14:26:06.968206", "product_id": "3c0c80f720a47822df91b9fc585ae85a", "organic": false},
{"store": "loblaws", "category": "Fresh Vegetables", "name": "Roasting Potato, Onion", "price": "$4.99", "sale_price": "", "previous_price": "", "image_url": "https://assets.shop.loblaws.ca/products/21105365/b3/en/front/21105365_front_a06_@2.png", "link": "https://www.loblaws.ca/roasting-potato-onion/p/21105365_EA?source=nspt", "brand": "", "package_size": "454 g", "unit_price": "$1.10/100g", "stock": "Out of Stock", "points": "", "date_scraped": "2024-07-03T14:26:06.970826", "product_id": "6122db0ce9f10c1626fdaac5c5fb9d14", "organic": false},
{"store": "loblaws", "category": "Fresh Vegetables", "name": "Organic Red Onions, 2 lb bag", "price": "$7.99", "sale_price": "", "previous_price": "", "image_url": "https://assets.shop.loblaws.ca/products/21110026001/b3/en/front/21110026001_front_a06_@2.png", "link": "https://www.loblaws.ca/organic-red-onions-2-lb-bag/p/21110026001_EA?source=nspt", "brand": "", "package_size": "907 g", "unit_price": "$0.88/100g", "stock": "Low Stock", "points": "", "date_scraped": "2024-07-03T14:26:06.973427", "product_id": "0516020f51cf55c813673e03dd90612f", "organic": true},
{"store": "loblaws", "category": "Fresh Vegetables", "name": "Celery Hearts", "price": "$5.49", "sale_price": "", "previous_price": "", "image_url": "https://assets.shop.loblaws.ca/products/20600792001/b3/en/front/20600792001_front_a06_@2.png", "link": "https://www.loblaws.ca/celery-hearts/p/20600792001_EA?source=nspt", "brand": "PC Organics", "package_size": "1 ea", "unit_price": "$2.75/1ea", "stock": "In stock", "points": "", "date_scraped": "2024-07-03T14:26:06.976554", "product_id": "bf88fb29a24e426f50b50a85c0c0f155", "organic": false},
{"store": "loblaws", "category": "Fresh Vegetables", "name": "Horseradish", "price": "about $6.94", "sale_price": "", "previous_price": "", "image_url": "https://assets.shop.loblaws.ca/products/20099665001/b3/en/front/20099665001_front_a06_@2.png", "link": "https://www.loblaws.ca/horseradish/p/20099665001_KG?source=nspt", "brand": "", "package_size": "$19.82/1kg", "unit_price": "$8.99/1lb", "stock": "Low Stock", "points": "", "date_scraped": "2024-07-03T14:26:06.979178", "product_id": "c7f6c2c9cadd85e2501969d90f3f8bfa", "organic": false},
{"store": "loblaws", "category": "Fresh Vegetables", "name": "Organic Carrots Bunched", "price": "$3.99", "sale_price": "", "previous_price": "", "image_url": "https://assets.shop.loblaws.ca/products/20056027001/b3/en/front/20056027001_front_a06_@2.png", "link": "https://www.loblaws.ca/organic-carrots-bunched/p/20056027001_EA?source=nspt", "brand": "", "package_size": "1 bunch", "unit_price": "$3.99/1ea", "stock": "In stock", "points": "", "date_scraped": "2024-07-03T14:26:06.981222", "product_id": "018cb049c4ffe6d0ad80bfb60f2d30df", "organic": true},
{"store": "loblaws", "category": "Fresh Vegetables", "name": "Three Cheese Fresh Creamer Potatoes", "price": "$4.99", "sale_price": "", "previous_price": "", "image_url": "https://assets.shop.loblaws.ca/products/21095632/b3/en/front/21095632_front_a06_@2.png", "link": "https://www.loblaws.ca/three-cheese-fresh-creamer-potatoes/p/21095632_EA?source=nspt", "brand": "", "package_size": "454 g", "unit_price": "$1.10/100g", "stock": "Out of Stock", "points": "", "date_scraped": "2024-07-03T14:26:06.983727", "product_id": "a3926eadb6ead05b156c79ce66f9c2c4", "organic": false},
{"store": "loblaws", "category": "Fresh Vegetables", "name": "Red Thai Hot Peppers", "price": "$4.99", "sale_price": "", "previous_price": "", "image_url": "https://assets.shop.loblaws.ca/products/21454495001/b3/en/front/21454495001_front_a06_@2.png", "link": "https://www.loblaws.ca/red-thai-hot-peppers/p/21454495001_EA?source=nspt", "brand": "President's Choice", "package_size": "75 g", "unit_price": "$6.65/100g", "stock": "In stock", "points": "", "date_scraped": "2024-07-03T14:26:06.987361", "product_id": "4c9c803a49f152564b1087c5cf8f6a62", "organic": false},
{"store": "loblaws", "category": "Fresh Vegetables", "name": "Microwave Ready Garlic Parsley Potatoes", "price": "$4.99", "sale_price": "", "previous_price": "", "image_url": "https://assets.shop.loblaws.ca/products/21400126/b3/en/front/21400126_front_a06_@2.png", "link": "https://www.loblaws.ca/microwave-ready-garlic-parsley-potatoes/p/21400126_EA?source=nspt", "brand": "The Little Potato Company", "package_size": "454 g", "unit_price": "$1.10/100g", "stock": "In stock", "points": "", "date_scraped": "2024-07-03T14:26:06.989761", "product_id": "9c41e27e38d7b712adae9c24ba643935", "organic": false},
{"store": "loblaws", "category": "Fresh Vegetables", "name": "Sweet Bell Peppers, Trio", "price": "$4.99", "sale_price": "", "previous_price": "", "image_url": "https://assets.shop.loblaws.ca/products/20903636001/b3/en/front/20903636001_front_a06_@2.png", "link": "https://www.loblaws.ca/sweet-bell-peppers-trio/p/20903636001_EA?source=nspt", "brand": "", "package_size": "1 ea", "unit_price": "$4.99/1ea", "stock": "Low Stock", "points": "", "date_scraped": "2024-07-03T14:26:06.991841", "product_id": "b27a054ac57b24e8f5927df5f5933ca4", "organic": false},
{"store": "loblaws", "category": "Fresh Vegetables", "name": "Peppers, Mini", "price": "$5.99", "sale_price": "", "previous_price": "", "image_url": "https://assets.shop.loblaws.ca/products/20889400001/b3/en/front/20889400001_front_a06_@2.png", "link": "https://www.loblaws.ca/peppers-mini/p/20889400001_EA?source=nspt", "brand": "", "package_size": "454 g", "unit_price": "$1.32/100g", "stock": "Low Stock", "points": "", "date_scraped": "2024-07-03T14:26:06.993846", "product_id": "cb95b433b105e1b488f915f95fc3e5d7", "organic": false},
{"store": "loblaws", "category": "Fresh Vegetables", "name": "Organic Rainbow Swiss Chard", "price": "$4.99", "sale_price": "", "previous_price": "", "image_url": "https://assets.shop.loblaws.ca/products/20566347001/b3/en/front/20566347001_front_a06_@2.png", "link": "https://www.loblaws.ca/organic-rainbow-swiss-chard/p/20566347001_EA?source=nspt", "brand": "", "package_size": "1 ea", "unit_price": "$4.99/1ea", "stock": "Out of Stock", "points": "", "date_scraped": "2024-07-03T14:26:06.995929", "product_id": "0bd2be57377c764a01f77ab6afc14a79", "organic": true},
{"store": "loblaws", "category": "Fresh Vegetables", "name": "Shanghai Bok Choy", "price": "about $4.22", "sale_price": "", "previous_price": "", "image_url": "https://assets.shop.loblaws.ca/products/20032454001/b3/en/front/20032454001_front_a06_@2.png", "link": "https://www.loblaws.ca/shanghai-bok-choy/p/20032454001_KG?source=nspt", "brand": "", "package_size": "$6.59/1kg", "unit_price": "$2.99/1lb", "stock": "In stock", "points": "", "date_scraped": "2024-07-03T14:26:06.998984", "product_id": "a6d395daf52efbbd9917c0209047c887", "organic": false},
{"store": "loblaws", "category": "Fresh Vegetables", "name": "Paradise Crunch Super Sweet Mini Peppers", "price": "$5.99", "sale_price": "", "previous_price": "", "image_url": "https://assets.shop.loblaws.ca/products/21534092001/b3/en/front/21534092001_front_a06_@2.png", "link": "https://www.loblaws.ca/paradise-crunch-super-sweet-mini-peppers/p/21534092001_EA?source=nspt", "brand": "President's Choice", "package_size": "450 g", "unit_price": "$1.33/100g", "stock": "In stock", "points": "", "date_scraped": "2024-07-03T14:26:07.001366", "product_id": "e0bdb2330f6c1f181d672d06d453c618", "organic": false},
{"store": "loblaws", "category": "Fresh Vegetables", "name": "Red Beets", "price": "about $1.04", "sale_price": "", "previous_price": "", "image_url": "https://assets.shop.loblaws.ca/products/20150181001/b3/en/front/20150181001_front_a06_@2.png", "link": "https://www.loblaws.ca/red-beets/p/20150181001_KG?source=nspt", "brand": "", "package_size": "$5.49/1kg", "unit_price": "$2.49/1lb", "stock": "In stock", "points": "", "date_scraped": "2024-07-03T14:26:07.003932", "product_id": "d86fdae159e44bc6dbcc5151e44165d4", "organic": false},
{"store": "loblaws", "category": "Fresh Vegetables", "name": "Microwave Ready Garlic Parsley Potatoes", "price": "$4.99", "sale_price": "", "previous_price": "", "image_url": "https://assets.shop.loblaws.ca/products/20544318/b3/en/front/20544318_front_a06_@2.png", "link": "https://www.loblaws.ca/microwave-ready-garlic-parsley-potatoes/p/20544318_EA?source=nspt", "brand": "", "package_size": "454 g", "unit_price": "$1.10/100g", "stock": "Out of Stock", "points": "", "date_scraped": "2024-07-03T14:26:07.005983", "product_id": "ecc29fdc451cf0fb3594e8c342b3d0bb", "organic": false},
{"store": "loblaws", "category": "Fresh Vegetables", "name": "Snap Peas", "price": "$3.49", "sale_price": "", "previous_price": "", "image_url": "https://assets.shop.loblaws.ca/products/21023581001/b3/en/front/21023581001_front_a06_@2.png", "link": "https://www.loblaws.ca/snap-peas/p/21023581001_EA?source=nspt", "brand": "", "package_size": "200 g", "unit_price": "$1.75/100g", "stock": "Out of Stock", "points": "", "date_scraped": "2024-07-03T14:26:07.007609", "product_id": "42620518f627fa24ca9eb374d1cae5c0", "organic": false},
{"store": "loblaws", "category": "Fresh Vegetables", "name": "Black Trumpet Mushrooms", "price": "$1.38", "sale_price": "", "previous_price": "", "image_url": "https://assets.shop.loblaws.ca/products/20760901/b3/en/front/20760901_front_a06_@2.png", "link": "https://www.loblaws.ca/black-trumpet-mushrooms/p/20760901_KG?source=nspt", "brand": "", "package_size": "$5.51/100g", "unit_price": "$55.09/1kg", "stock": "Out of Stock", "points": "", "date_scraped": "2024-07-03T14:26:07.008644", "product_id": "6167768045518ae47459964374e5d2e1", "organic": false},
{"store": "loblaws", "category": "Fresh Vegetables", "name": "Shiitake Mushrooms", "price": "$0.77", "sale_price": "", "previous_price": "", "image_url": "https://assets.shop.loblaws.ca/products/20066913001/b3/en/front/20066913001_front_a06_@2.png", "link": "https://www.loblaws.ca/shiitake-mushrooms/p/20066913001_KG?source=nspt", "brand": "", "package_size": "$3.08/100g", "unit_price": "$30.84/1kg", "stock": "Out of Stock", "points": "", "date_scraped": "2024-07-03T14:26:07.010205", "product_id": "046ad459e018acb22ef7103404b1cd82", "organic": false},
{"store": "loblaws", "category": "Fresh Vegetables", "name": "Fingerling Potatoes", "price": "$4.99", "sale_price": "", "previous_price": "", "image_url": "https://assets.shop.loblaws.ca/products/21244987001/b3/en/front/21244987001_front_a06_@2.png", "link": "https://www.loblaws.ca/fingerling-potatoes/p/21244987001_EA?source=nspt", "brand": "President's Choice", "package_size": "680 g", "unit_price": "$0.73/100g", "stock": "In stock", "points": "", "date_scraped": "2024-07-03T14:26:07.011773", "product_id": "d5d9768baabcea57718e81768b9ef592", "organic": false},
{"store": "loblaws", "category": "Fresh Vegetables", "name": "Organic Mini Carrots, 1 lb bag", "price": "$3.99", "sale_price": "", "previous_price": "", "image_url": "https://assets.shop.loblaws.ca/products/20185409/b3/en/front/20185409_front_a06_@2.png", "link": "https://www.loblaws.ca/organic-mini-carrots-1-lb-bag/p/20185409_EA?source=nspt", "brand": "PC Organics", "package_size": "454 g", "unit_price": "$0.88/100g", "stock": "In stock", "points": "", "date_scraped": "2024-07-03T14:26:07.013329", "product_id": "620403fde2f3adc28e1b6f92c48d25c0", "organic": true},
{"store": "loblaws", "category": "Fresh Vegetables", "name": "Axiany Cherry Tomatoes", "price": "$7.00", "sale_price": "", "previous_price": "", "image_url": "https://assets.shop.loblaws.ca/products/21090447001/b3/en/front/21090447001_front_a06_@2.png", "link": "https://www.loblaws.ca/axiany-cherry-tomatoes/p/21090447001_EA?source=nspt", "brand": "President's Choice", "package_size": "681 g", "unit_price": "$1.03/100g", "stock": "In stock", "points": "", "date_scraped": "2024-07-03T14:26:07.014410", "product_id": "ef5970a4a4f09f8be95334330efe9acb", "organic": false},
{"store": "loblaws", "category": "Fresh Vegetables", "name": "Rapini", "price": "$3.99", "sale_price": "", "previous_price": "", "image_url": "https://assets.shop.loblaws.ca/products/20048070001/b3/en/front/20048070001_front_a06_@2.png", "link": "https://www.loblaws.ca/rapini/p/20048070001_EA?source=nspt", "brand": "", "package_size": "1 bunch", "unit_price": "$3.99/1ea", "stock": "In stock", "points": "", "date_scraped": "2024-07-03T14:26:07.015971", "product_id": "413427a44bebd311d74df20c4962b4b6", "organic": false},
{"store": "loblaws", "category": "Fresh Vegetables", "name": "Organic Iceberg Lettuce", "price": "$3.99", "sale_price": "", "previous_price": "", "image_url": "https://assets.shop.loblaws.ca/products/20619353001/b3/en/front/20619353001_front_a06_@2.png", "link": "https://www.loblaws.ca/organic-iceberg-lettuce/p/20619353001_EA?source=nspt", "brand": "", "package_size": "1 ea", "unit_price": "$3.99/1ea", "stock": "In stock", "points": "", "date_scraped": "2024-07-03T14:26:12.678068", "product_id": "6e7b30c0b01db1a61e3957f9a4bf6046", "organic": true},
{"store": "loblaws", "category": "Fresh Vegetables", "name": "Organic Enoki Mushrooms", "price": "$4.49", "sale_price": "", "previous_price": "", "image_url": "https://assets.shop.loblaws.ca/products/21005376/b3/en/front/21005376_front_a06_@2.png", "link": "https://www.loblaws.ca/organic-enoki-mushrooms/p/21005376_EA?source=nspt", "brand": "PC Organics", "package_size": "150 g", "unit_price": "$2.99/100g", "stock": "In stock", "points": "", "date_scraped": "2024-07-03T14:26:12.679624", "product_id": "e941113dcead2b58b39f0273f4237bd6", "organic": true},
{"store": "loblaws", "category": "Fresh Vegetables", "name": "Vine Tomato (Single Tomato)", "price": "about $1.40", "sale_price": "", "previous_price": "", "image_url": "https://assets.shop.loblaws.ca/products/20025417001/b3/en/front/20025417001_front_a06_@2.png", "link": "https://www.loblaws.ca/vine-tomato-single-tomato/p/20025417001_KG?source=nspt", "brand": "", "package_size": "$4.39/1kg", "unit_price": "$1.99/1lb", "stock": "Out of Stock", "points": "", "date_scraped": "2024-07-03T14:26:12.681124", "product_id": "b1bfeac0bc318c95892f683a35aa7ae4", "organic": false},
{"store": "loblaws", "category": "Fresh Vegetables", "name": "Rapini", "price": "$3.99", "sale_price": "", "previous_price": "", "image_url": "https://assets.shop.loblaws.ca/products/20048070001/b3/en/front/20048070001_front_a06_@2.png", "link": "https://www.loblaws.ca/rapini/p/20048070001_EA?source=nspt", "brand": "", "package_size": "1 bunch", "unit_price": "$3.99/1ea", "stock": "In stock", "points": "", "date_scraped": "2024-07-03T14:26:12.682706", "product_id": "413427a44bebd311d74df20c4962b4b6", "organic": false},
{"store": "loblaws", "category": "Fresh Vegetables", "name": "Organic Spaghetti Squash", "price": "about $11.80", "sale_price": "", "previous_price": "", "image_url": "https://assets.shop.loblaws.ca/products/20526871001/b3/en/front/20526871001_front_a06_@2.png", "link": "https://www.loblaws.ca/organic-spaghetti-squash/p/20526871001_KG?source=nspt", "brand": "", "package_size": "$6.59/1kg", "unit_price": "$2.99/1lb", "stock": "In stock", "points": "", "date_scraped": "2024-07-03T14:26:12.684144", "product_id": "fab517b7adda040c4a4b056abc033c40", "organic": true},
{"store": "loblaws", "category": "Fresh Vegetables", "name": "Parsnip", "price": "about $1.92", "sale_price": "", "previous_price": "", "image_url": "https://assets.shop.loblaws.ca/products/20084198001/b3/en/front/20084198001_front_a06_@2.png", "link": "https://www.loblaws.ca/parsnip/p/20084198001_KG?source=nspt", "brand": "", "package_size": "$7.69/1kg", "unit_price": "$3.49/1lb", "stock": "In stock", "points": "", "date_scraped": "2024-07-03T14:26:12.685743", "product_id": "b6b3b55fa879beb5e8f6494bd09d246c", "organic": false},
{"store": "loblaws", "category": "Fresh Vegetables", "name": "Broccoli", "price": "$5.99", "sale_price": "", "previous_price": "", "image_url": "https://assets.shop.loblaws.ca/products/20149635001/b3/en/front/20149635001_front_a06_@2.png", "link": "https://www.loblaws.ca/broccoli/p/20149635001_EA?source=nspt", "brand": "PC Organics", "package_size": "1 ea", "unit_price": "$5.99/1ea", "stock": "In stock", "points": "", "date_scraped": "2024-07-03T14:26:12.686793", "product_id": "0b21183b12bc7067ae3a51164321d23b", "organic": false},
{"store": "loblaws", "category": "Fresh Vegetables", "name": "Cremini Mushrooms", "price": "about $0.36", "sale_price": "", "previous_price": "", "image_url": "https://assets.shop.loblaws.ca/products/20096584001/b3/en/front/20096584001_front_a06_@2.png", "link": "https://www.loblaws.ca/cremini-mushrooms/p/20096584001_KG?source=nspt", "brand": "", "package_size": "$1.21/100g", "unit_price": "$12.10/1kg", "stock": "Out of Stock", "points": "", "date_scraped": "2024-07-03T14:26:12.688810", "product_id": "b80d5c95ff3d6aa1cd21647c7eb8fbfd", "organic": false},
{"store": "loblaws", "category": "Fresh Vegetables", "name": "Yellow Hot Hot Peppers", "price": "$4.99", "sale_price": "", "previous_price": "", "image_url": "https://assets.shop.loblaws.ca/products/21454589001/b3/en/front/21454589001_front_a06_@2.png", "link": "https://www.loblaws.ca/yellow-hot-hot-peppers/p/21454589001_EA?source=nspt", "brand": "President's Choice", "package_size": "226 g", "unit_price": "$2.21/100g", "stock": "In stock", "points": "", "date_scraped": "2024-07-03T14:26:12.690926", "product_id": "5db0d569119ab5de2307849a93ee6ad2", "organic": false},
{"store": "loblaws", "category": "Fresh Vegetables", "name": "Organic Brussel Sprouts", "price": "$9.99", "sale_price": "", "previous_price": "", "image_url": "https://assets.shop.loblaws.ca/products/20668528/b3/en/front/20668528_front_a06_@2.png", "link": "https://www.loblaws.ca/organic-brussel-sprouts/p/20668528_EA?source=nspt", "brand": "", "package_size": "454 g", "unit_price": "$2.20/100g", "stock": "In stock", "points": "", "date_scraped": "2024-07-03T14:26:12.692520", "product_id": "b27a664e1b23420c741458370f7df5f6", "organic": true},
{"store": "loblaws", "category": "Fresh Vegetables", "name": "Microwave Ready Lemon and Garden Herb Potatoes", "price": "$4.99", "sale_price": "", "previous_price": "", "image_url": "https://assets.shop.loblaws.ca/products/21393908/b3/en/front/21393908_front_a06_@2.png", "link": "https://www.loblaws.ca/microwave-ready-lemon-and-garden-herb-potatoes/p/21393908_EA?source=nspt", "brand": "The Little Potato Company", "package_size": "454 g", "unit_price": "$1.10/100g", "stock": "In stock", "points": "", "date_scraped": "2024-07-03T14:26:12.694075", "product_id": "e0f42aa522f3f3fea6d48c2d4b99310f", "organic": false},
{"store": "loblaws", "category": "Fresh Vegetables", "name": "Dried Porcini Mushrooms    ", "price": "$5.99", "sale_price": "", "previous_price": "", "image_url": "https://assets.shop.loblaws.ca/products/20064292/b3/en/front/20064292_front_a06_@2.png", "link": "https://www.loblaws.ca/dried-porcini-mushrooms/p/20064292_EA?source=nspt", "brand": "", "package_size": "14 g", "unit_price": "$42.79/100g", "stock": "In stock", "points": "", "date_scraped": "2024-07-03T14:26:12.695635", "product_id": "cb4cd7721f26b7db803a1668ff4f4535", "organic": false},
{"store": "loblaws", "category": "Fresh Vegetables", "name": "Cucumber Dill Basket", "price": "$6.99", "sale_price": "", "previous_price": "", "image_url": "https://assets.shop.loblaws.ca/products/20062076001/b3/en/front/20062076001_front_a06_@2.png", "link": "https://www.loblaws.ca/cucumber-dill-basket/p/20062076001_EA?source=nspt", "brand": "", "package_size": "3 l", "unit_price": "$0.23/100ml", "stock": "Out of Stock", "points": "", "date_scraped": "2024-07-03T14:26:12.697753", "product_id": "4f81eac8f1ad9f55fe8a46612d488a78", "organic": false},
{"store": "loblaws", "category": "Fresh Vegetables", "name": "Long Eggplants (1Pack)", "price": "about $14.36", "sale_price": "", "previous_price": "", "image_url": "https://assets.shop.loblaws.ca/products/20686417001/b3/en/front/20686417001_front_a06_@2.png", "link": "https://www.loblaws.ca/long-eggplants-1pack/p/20686417001_KG?source=nspt", "brand": "", "package_size": "$9.90/1kg", "unit_price": "$4.49/1lb", "stock": "Low Stock", "points": "", "date_scraped": "2024-07-03T14:26:12.699850", "product_id": "0db0934b21a4cefec3339315aae22c93", "organic": false},
{"store": "loblaws", "category": "Fresh Vegetables", "name": "Shishito Peppers", "price": "$4.99", "sale_price": "", "previous_price": "", "image_url": "https://assets.shop.loblaws.ca/products/21111986001/b3/en/front/21111986001_front_a06_@2.png", "link": "https://www.loblaws.ca/shishito-peppers/p/21111986001_EA?source=nspt", "brand": "", "package_size": "227 g", "unit_price": "$2.20/100g", "stock": "Out of Stock", "points": "", "date_scraped": "2024-07-03T14:26:12.702473", "product_id": "399ca1defb974af1c931afe485f90a54", "organic": false},
{"store": "loblaws", "category": "Fresh Vegetables", "name": "Tomato Sugar Bomb", "price": "$6.99", "sale_price": "", "previous_price": "", "image_url": "https://assets.shop.loblaws.ca/products/21182393001/b3/en/front/21182393001_front_a06_@2.png", "link": "https://www.loblaws.ca/tomato-sugar-bomb/p/21182393001_EA?source=nspt", "brand": "", "package_size": "341 g", "unit_price": "$2.05/100g", "stock": "In stock", "points": "", "date_scraped": "2024-07-03T14:26:12.704034", "product_id": "ad8b5665daa10d9342a4ff00b6ce9dba", "organic": false},
{"store": "loblaws", "category": "Fresh Vegetables", "name": "Watercress", "price": "$1.99", "sale_price": "", "previous_price": "", "image_url": "https://assets.shop.loblaws.ca/products/20143101001/b3/en/front/20143101001_front_a06_@2.png", "link": "https://www.loblaws.ca/watercress/p/20143101001_EA?source=nspt", "brand": "", "package_size": "1 bunch", "unit_price": "$1.99/1ea", "stock": "In stock", "points": "", "date_scraped": "2024-07-03T14:26:12.706114", "product_id": "bdfe93e0b8c45ab6472c2328d2dd6321", "organic": false},
{"store": "loblaws", "category": "Fresh Vegetables", "name": "Chinese Bitter Melon", "price": "about $2.66", "sale_price": "", "previous_price": "", "image_url": "https://assets.shop.loblaws.ca/products/20686129001/b3/en/front/20686129001_front_a06_@2.png", "link": "https://www.loblaws.ca/chinese-bitter-melon/p/20686129001_KG?source=nspt", "brand": "", "package_size": "$12.10/1kg", "unit_price": "$5.49/1lb", "stock": "In stock", "points": "", "date_scraped": "2024-07-03T14:26:12.707684", "product_id": "5ce84c0b5ac13f537b6b2cfd5ca6d096", "organic": false},
{"store": "loblaws", "category": "Fresh Vegetables", "name": "Baking Russet Potato", "price": "about $2.36", "sale_price": "", "previous_price": "", "image_url": "https://assets.shop.loblaws.ca/products/20025548001/b3/en/front/20025548001_front_a06_@2.png", "link": "https://www.loblaws.ca/baking-russet-potato/p/20025548001_KG?source=nspt", "brand": "", "package_size": "$5.49/1kg", "unit_price": "$2.49/1lb", "stock": "In stock", "points": "", "date_scraped": "2024-07-03T14:26:12.709239", "product_id": "d6f16ad0f45b915393faa2f670b77471", "organic": false},
{"store": "loblaws", "category": "Fresh Vegetables", "name": "Curry Leaf (1 pack)", "price": "$2.99", "sale_price": "", "previous_price": "", "image_url": "https://assets.shop.loblaws.ca/products/20866958001/b3/en/front/20866958001_front_a06_@2.png", "link": "https://www.loblaws.ca/curry-leaf-1-pack/p/20866958001_EA?source=nspt", "brand": "", "package_size": "60 g", "unit_price": "$4.98/100g", "stock": "Low Stock", "points": "", "date_scraped": "2024-07-03T14:26:12.711429", "product_id": "e695041f18b629d696bbbdbe68ea33ab", "organic": false},
{"store": "loblaws", "category": "Fresh Vegetables", "name": "Sliced and Whole Bistro Blend Mushrooms", "price": "$6.99", "sale_price": "", "previous_price": "", "image_url": "https://assets.shop.loblaws.ca/products/21005198/b3/en/front/21005198_front_a06_@2.png", "link": "https://www.loblaws.ca/sliced-and-whole-bistro-blend-mushrooms/p/21005198_EA?source=nspt", "brand": "PC Organics", "package_size": "200 g", "unit_price": "$3.50/100g", "stock": "In stock", "points": "", "date_scraped": "2024-07-03T14:26:12.714103", "product_id": "811e1a9b87d23b1a3736773170b5e7a8", "organic": false},
{"store": "loblaws", "category": "Fresh Vegetables", "name": "Garlic Bulbs", "price": "$6.99", "sale_price": "", "previous_price": "", "image_url": "https://assets.shop.loblaws.ca/products/21238843001/b3/en/front/21238843001_front_a06_@2.png", "link": "https://www.loblaws.ca/garlic-bulbs/p/21238843001_EA?source=nspt", "brand": "", "package_size": "1 kg", "unit_price": "$0.70/100g", "stock": "Low Stock", "points": "", "date_scraped": "2024-07-03T14:26:12.716721", "product_id": "2fb13294fb0001fe4d47e5d41178cff4", "organic": false},
{"store": "loblaws", "category": "Fresh Vegetables", "name": "Dandelion Greens", "price": "$3.99", "sale_price": "", "previous_price": "", "image_url": "https://assets.shop.loblaws.ca/products/20168298001/b3/en/front/20168298001_front_a06_@2.png", "link": "https://www.loblaws.ca/dandelion-greens/p/20168298001_EA?source=nspt", "brand": "", "package_size": "1 bunch", "unit_price": "$3.99/1ea", "stock": "Out of Stock", "points": "", "date_scraped": "2024-07-03T14:26:12.718299", "product_id": "3b3b3f5701ac9d430e90d0e4042d66f5", "organic": false},
{"store": "loblaws", "category": "Fresh Vegetables", "name": "Mini Cucumbers", "price": "$8.99", "sale_price": "", "previous_price": "", "image_url": "https://assets.shop.loblaws.ca/products/21179714001/b3/en/front/21179714001_front_a06_@2.png", "link": "https://www.loblaws.ca/mini-cucumbers/p/21179714001_EA?source=nspt", "brand": "President's Choice", "package_size": "681 g", "unit_price": "$1.32/100g", "stock": "Out of Stock", "points": "", "date_scraped": "2024-07-03T14:26:12.720399", "product_id": "eb40714b91b13803373198a5e180923a", "organic": false},
{"store": "loblaws", "category": "Fresh Vegetables", "name": "Yellow Potatoes, 5 lb Bag", "price": "$6.99", "sale_price": "", "previous_price": "", "image_url": "https://assets.shop.loblaws.ca/products/20601014001/b3/en/front/20601014001_front_a06_@2.png", "link": "https://www.loblaws.ca/yellow-potatoes-5-lb-bag/p/20601014001_EA?source=nspt", "brand": "President's Choice", "package_size": "2.268 kg", "unit_price": "$0.31/100g", "stock": "In stock", "points": "", "date_scraped": "2024-07-03T14:26:12.721974", "product_id": "6ecad7fb343058d9004275e3b4325470", "organic": false},
{"store": "loblaws", "category": "Fresh Vegetables", "name": "Hedgehog Mushrooms", "price": "$1.38", "sale_price": "", "previous_price": "", "image_url": "https://assets.shop.loblaws.ca/products/20760904/b3/en/front/20760904_front_a06_@2.png", "link": "https://www.loblaws.ca/hedgehog-mushrooms/p/20760904_KG?source=nspt", "brand": "", "package_size": "$5.51/100g", "unit_price": "$55.09/1kg", "stock": "Out of Stock", "points": "", "date_scraped": "2024-07-03T14:26:12.723534", "product_id": "15029175cace25e6602a7bd52437ea35", "organic": false},
{"store": "loblaws", "category": "Fresh Vegetables", "name": "Cauliflower, Baby", "price": "$7.99", "sale_price": "", "previous_price": "", "image_url": "https://assets.shop.loblaws.ca/products/20632218/b3/en/front/20632218_front_a06_@2.png", "link": "https://www.loblaws.ca/cauliflower-baby/p/20632218_EA?source=nspt", "brand": "", "package_size": "1 ea", "unit_price": "$7.99/1ea", "stock": "Out of Stock", "points": "", "date_scraped": "2024-07-03T14:26:12.725638", "product_id": "8692d8d6d153faf39a8330f8313f3e05", "organic": false},
{"store": "loblaws", "category": "Fresh Vegetables", "name": "Chinese Napa Cabbage", "price": "about $2.93", "sale_price": "", "previous_price": "", "image_url": "https://assets.shop.loblaws.ca/products/20015025001/b3/en/front/20015025001_front_a06_@2.png", "link": "https://www.loblaws.ca/chinese-napa-cabbage/p/20015025001_KG?source=nspt", "brand": "", "package_size": "$2.62/1kg", "unit_price": "$1.19/1lb", "stock": "In stock", "points": "", "date_scraped": "2024-07-03T14:26:12.727203", "product_id": "1fe01f9e3313a282c085c0fd9090e1bf", "organic": false},
{"store": "loblaws", "category": "Fresh Vegetables", "name": "Roasting Potato, BBQ", "price": "$4.99", "sale_price": "", "previous_price": "", "image_url": "https://assets.shop.loblaws.ca/products/21105380/b3/en/front/21105380_front_a06_@2.png", "link": "https://www.loblaws.ca/roasting-potato-bbq/p/21105380_EA?source=nspt", "brand": "", "package_size": "454 g", "unit_price": "$1.10/100g", "stock": "Out of Stock", "points": "", "date_scraped": "2024-07-03T14:26:12.728787", "product_id": "9d0d2abde64cfa8c15a124b09085d623", "organic": false},
{"store": "loblaws", "category": "Fresh Vegetables", "name": "Okra", "price": "$1.10", "sale_price": "", "previous_price": "", "image_url": "https://assets.shop.loblaws.ca/products/20091263001/b3/en/front/20091263001_front_a06_@2.png", "link": "https://www.loblaws.ca/okra/p/20091263001_KG?source=nspt", "brand": "", "package_size": "$11.00/1kg", "unit_price": "$4.99/1lb", "stock": "In stock", "points": "", "date_scraped": "2024-07-03T14:26:12.730335", "product_id": "f508f9e1f0a388ae837ac3dea226f64e", "organic": false},
{"store": "loblaws", "category": "Fresh Vegetables", "name": "Organic Green Kale", "price": "$4.99", "sale_price": "", "previous_price": "", "image_url": "https://assets.shop.loblaws.ca/products/21165282001/b3/en/front/21165282001_front_a06_@2.png", "link": "https://www.loblaws.ca/organic-green-kale/p/21165282001_EA?source=nspt", "brand": "", "package_size": "1 bunch", "unit_price": "$4.99/1ea", "stock": "In stock", "points": "", "date_scraped": "2024-07-03T14:26:12.731886", "product_id": "8225f071174b54f9ddf7dc640722b0cd", "organic": true},
{"store": "loblaws", "category": "Fresh Vegetables", "name": "Ruby Little Gems Potatoes", "price": "$4.99", "sale_price": "", "previous_price": "", "image_url": "https://assets.shop.loblaws.ca/products/21247299001/b3/en/front/21247299001_front_a06_@2.png", "link": "https://www.loblaws.ca/ruby-little-gems-potatoes/p/21247299001_EA?source=nspt", "brand": "President's Choice", "package_size": "0.68 kg", "unit_price": "$0.73/100g", "stock": "In stock", "points": "", "date_scraped": "2024-07-03T14:26:12.732921", "product_id": "e30358e16fcf0a0c05aa2fff6516fbff", "organic": false},
{"store": "loblaws", "category": "Fresh Vegetables", "name": "Organic Swiss Chard Greens", "price": "$4.99", "sale_price": "", "previous_price": "", "image_url": "https://assets.shop.loblaws.ca/products/21095256001/b3/en/front/21095256001_front_a06_@2.png", "link": "https://www.loblaws.ca/organic-swiss-chard-greens/p/21095256001_EA?source=nspt", "brand": "", "package_size": "1 bunch", "unit_price": "$1.02/100g", "stock": "Out of Stock", "points": "", "date_scraped": "2024-07-03T14:26:12.734473", "product_id": "f503bbe179ce9b3799f65acb0624c369", "organic": true},
{"store": "loblaws", "category": "Fresh Vegetables", "name": "Shanghai Bok Choy Jr.", "price": "about $3.95", "sale_price": "", "previous_price": "", "image_url": "https://assets.shop.loblaws.ca/products/20073098001/b3/en/front/20073098001_front_a06_@2.png", "link": "https://www.loblaws.ca/shanghai-bok-choy-jr/p/20073098001_KG?source=nspt", "brand": "", "package_size": "$6.59/1kg", "unit_price": "$2.99/1lb", "stock": "Out of Stock", "points": "", "date_scraped": "2024-07-03T14:26:12.736433", "product_id": "8c8ce84dec8500b67f3f8b01ea9f203a", "organic": false},
{"store": "loblaws", "category": "Fresh Vegetables", "name": "Scotch Bonnet Hot Peppers", "price": "$4.99", "sale_price": "", "previous_price": "", "image_url": "https://assets.shop.loblaws.ca/products/21454569001/b3/en/front/21454569001_front_a06_@2.png", "link": "https://www.loblaws.ca/scotch-bonnet-hot-peppers/p/21454569001_EA?source=nspt", "brand": "President's Choice", "package_size": "113 g", "unit_price": "$4.42/100g", "stock": "In stock", "points": "", "date_scraped": "2024-07-03T14:26:12.737459", "product_id": "df40dcd908fa8ed879049b91a8d40f3e", "organic": false},
{"store": "loblaws", "category": "Fresh Vegetables", "name": "Organics Whole White Mushrooms", "price": "$8.99", "sale_price": "", "previous_price": "", "image_url": "https://assets.shop.loblaws.ca/products/21166443001/b3/en/front/21166443001_front_a06_@2.png", "link": "https://www.loblaws.ca/organics-whole-white-mushrooms/p/21166443001_EA?source=nspt", "brand": "PC Organics", "package_size": "680 g", "unit_price": "$1.32/100g", "stock": "Out of Stock", "points": "", "date_scraped": "2024-07-03T14:26:12.739018", "product_id": "49e263d05ba1ef655552161d94fcbe44", "organic": true},
{"store": "loblaws", "category": "Fresh Vegetables", "name": "Yellow Onion", "price": "about $1.66", "sale_price": "", "previous_price": "", "image_url": "https://assets.shop.loblaws.ca/products/20168304001/b3/en/front/20168304001_front_a06_@2.png", "link": "https://www.loblaws.ca/yellow-onion/p/20168304001_KG?source=nspt", "brand": "", "package_size": "$5.93/1kg", "unit_price": "$2.69/1lb", "stock": "In stock", "points": "", "date_scraped": "2024-07-03T14:26:12.741624", "product_id": "ef90f2f6e8209021cfff782f20dfbd4d", "organic": false},
{"store": "loblaws", "category": "Fresh Vegetables", "name": "Green Beans", "price": "$4.99", "sale_price": "", "previous_price": "", "image_url": "https://assets.shop.loblaws.ca/products/21108053001/b3/en/front/21108053001_front_a06_@2.png", "link": "https://www.loblaws.ca/green-beans/p/21108053001_EA?source=nspt", "brand": "", "package_size": "380 g", "unit_price": "$1.31/100g", "stock": "In stock", "points": "", "date_scraped": "2024-07-03T14:26:12.743221", "product_id": "d5cd60884159ce69bf510db1d29ce2ad", "organic": false},
{"store": "loblaws", "category": "Fresh Vegetables", "name": "Potato Baking Tray", "price": "$4.99", "sale_price": "", "previous_price": "", "image_url": "https://assets.shop.loblaws.ca/products/21035898001/b3/en/front/21035898001_front_a06_@2.png", "link": "https://www.loblaws.ca/potato-baking-tray/p/21035898001_EA?source=nspt", "brand": "", "package_size": "1 ea", "unit_price": "$4.99/1ea", "stock": "In stock", "points": "", "date_scraped": "2024-07-03T14:26:12.744742", "product_id": "368ce7f575f0af81588cd11220d69f6f", "organic": false},
{"store": "loblaws", "category": "Fresh Vegetables", "name": "Celery Root", "price": "about $5.00", "sale_price": "", "previous_price": "", "image_url": "https://assets.shop.loblaws.ca/products/20038258001/b3/en/front/20038258001_front_a06_@2.png", "link": "https://www.loblaws.ca/celery-root/p/20038258001_KG?source=nspt", "brand": "", "package_size": "$6.59/1kg", "unit_price": "$2.99/1lb", "stock": "In stock", "points": "", "date_scraped": "2024-07-03T14:26:12.746543", "product_id": "4a9422089ab7d99979ac7ec7612c43cb", "organic": false},
{"store": "loblaws", "category": "Fresh Vegetables", "name": "Red Swiss Chard", "price": "$4.99", "sale_price": "", "previous_price": "", "image_url": "https://assets.shop.loblaws.ca/products/20275935001/b3/en/front/20275935001_front_a06_@2.png", "link": "https://www.loblaws.ca/red-swiss-chard/p/20275935001_EA?source=nspt", "brand": "", "package_size": "1 bunch", "unit_price": "$4.99/1ea", "stock": "In stock", "points": "", "date_scraped": "2024-07-03T14:26:12.748111", "product_id": "e8ad0976cde5f42d4a630ec9da916a09", "organic": false},
{"store": "loblaws", "category": "Fresh Vegetables", "name": "Okra (1 pack)", "price": "about $5.55", "sale_price": "", "previous_price": "", "image_url": "https://assets.shop.loblaws.ca/products/20686141001/b3/en/front/20686141001_front_a06_@2.png", "link": "https://www.loblaws.ca/okra-1-pack/p/20686141001_KG?source=nspt", "brand": "", "package_size": "$13.21/1kg", "unit_price": "$5.99/1lb", "stock": "Low Stock", "points": "", "date_scraped": "2024-07-03T14:26:12.749712", "product_id": "f31b33facc8d995e6ca1d3f2afa56db3", "organic": false},
{"store": "loblaws", "category": "Fresh Vegetables", "name": "Lions Mane Mushroom", "price": "$8.99", "sale_price": "", "previous_price": "", "image_url": "https://assets.shop.loblaws.ca/products/21518642/b3/en/front/21518642_front_a06_@2.png", "link": "https://www.loblaws.ca/lions-mane-mushroom/p/21518642_EA?source=nspt", "brand": "", "package_size": "200 g", "unit_price": "$4.50/100g", "stock": "In stock", "points": "", "date_scraped": "2024-07-03T14:26:12.751291", "product_id": "936f8a95fac2a6de397ff1b4dbac7238", "organic": false},
{"store": "loblaws", "category": "Fresh Vegetables", "name": "Mixed Dried Mushrooms", "price": "$5.99", "sale_price": "", "previous_price": "", "image_url": "https://assets.shop.loblaws.ca/products/20055688/b3/en/front/20055688_front_a06_@2.png", "link": "https://www.loblaws.ca/mixed-dried-mushrooms/p/20055688_EA?source=nspt", "brand": "", "package_size": "14 g", "unit_price": "$42.79/100g", "stock": "In stock", "points": "", "date_scraped": "2024-07-03T14:26:12.752848", "product_id": "67bd028e6d7fa1664ee8f5e308e22d9b", "organic": false},
{"store": "loblaws", "category": "Fresh Vegetables", "name": "Parsley Root", "price": "$5.99", "sale_price": "", "previous_price": "", "image_url": "https://assets.shop.loblaws.ca/products/20167477001/b3/en/front/20167477001_front_a06_@2.png", "link": "https://www.loblaws.ca/parsley-root/p/20167477001_EA?source=nspt", "brand": "", "package_size": "1 bunch", "unit_price": "$5.99/1ea", "stock": "Out of Stock", "points": "", "date_scraped": "2024-07-03T14:26:12.754947", "product_id": "cb89c053daf6984c5c40713023ef20dc", "organic": false},
{"store": "loblaws", "category": "Fresh Vegetables", "name": "Organic Fennel", "price": "$6.99", "sale_price": "", "previous_price": "", "image_url": "https://assets.shop.loblaws.ca/products/20305652001/b3/en/front/20305652001_front_a06_@2.png", "link": "https://www.loblaws.ca/organic-fennel/p/20305652001_EA?source=nspt", "brand": "", "package_size": "1 ea", "unit_price": "$6.99/1ea", "stock": "In stock", "points": "", "date_scraped": "2024-07-03T14:26:12.757022", "product_id": "ace96ac75d3cccf702eee04f871d7b7d", "organic": true},
{"store": "loblaws", "category": "Fresh Vegetables", "name": "Fresh Creamer Potatoes Smoked Salt", "price": "$4.99", "sale_price": "", "previous_price": "", "image_url": "https://assets.shop.loblaws.ca/products/21432298/b3/en/front/21432298_front_a06_@2.png", "link": "https://www.loblaws.ca/fresh-creamer-potatoes-smoked-salt/p/21432298_EA?source=nspt", "brand": "The Little Potato Company", "package_size": "454 g", "unit_price": "$1.10/100g", "stock": "In stock", "points": "", "date_scraped": "2024-07-03T14:26:12.758611", "product_id": "3cc874c8ef9ef1f467dc6d3b3e9ac0d4", "organic": false},
{"store": "loblaws", "category": "Fresh Vegetables", "name": "Microwave Ready Savoury Herb Potatoes", "price": "$4.99", "sale_price": "", "previous_price": "", "image_url": "https://assets.shop.loblaws.ca/products/21391602/b3/en/front/21391602_front_a06_@2.png", "link": "https://www.loblaws.ca/microwave-ready-savoury-herb-potatoes/p/21391602_EA?source=nspt", "brand": "The Little Potato Company", "package_size": "454 g", "unit_price": "$1.10/100g", "stock": "In stock", "points": "", "date_scraped": "2024-07-03T14:26:12.760168", "product_id": "7d06040ba945c644a2655a07e0745281", "organic": false},
{"store": "loblaws", "category": "Fresh Vegetables", "name": "Jalapeno Hot Peppers", "price": "$4.99", "sale_price": "", "previous_price": "", "image_url": "https://assets.shop.loblaws.ca/products/21454762001/b3/en/front/21454762001_front_a06_@2.png", "link": "https://www.loblaws.ca/jalapeno-hot-peppers/p/21454762001_EA?source=nspt", "brand": "President's Choice", "package_size": "226 g", "unit_price": "$2.21/100g", "stock": "In stock", "points": "", "date_scraped": "2024-07-03T14:26:18.017233", "product_id": "b206cef218044b74da1e9e4be9fc6fa4", "organic": false},
{"store": "loblaws", "category": "Fresh Vegetables", "name": "Lions Mane Mushroom", "price": "$8.99", "sale_price": "", "previous_price": "", "image_url": "https://assets.shop.loblaws.ca/products/21518642/b3/en/front/21518642_front_a06_@2.png", "link": "https://www.loblaws.ca/lions-mane-mushroom/p/21518642_EA?source=nspt", "brand": "", "package_size": "200 g", "unit_price": "$4.50/100g", "stock": "In stock", "points": "", "date_scraped": "2024-07-03T14:26:18.019333", "product_id": "936f8a95fac2a6de397ff1b4dbac7238", "organic": false},
{"store": "loblaws", "category": "Fresh Vegetables", "name": "Mixed Dried Mushrooms", "price": "$5.99", "sale_price": "", "previous_price": "", "image_url": "https://assets.shop.loblaws.ca/products/20055688/b3/en/front/20055688_front_a06_@2.png", "link": "https://www.loblaws.ca/mixed-dried-mushrooms/p/20055688_EA?source=nspt", "brand": "", "package_size": "14 g", "unit_price": "$42.79/100g", "stock": "In stock", "points": "", "date_scraped": "2024-07-03T14:26:18.021184", "product_id": "67bd028e6d7fa1664ee8f5e308e22d9b", "organic": false},
{"store": "loblaws", "category": "Fresh Vegetables", "name": "Parsley Root", "price": "$5.99", "sale_price": "", "previous_price": "", "image_url": "https://assets.shop.loblaws.ca/products/20167477001/b3/en/front/20167477001_front_a06_@2.png", "link": "https://www.loblaws.ca/parsley-root/p/20167477001_EA?source=nspt", "brand": "", "package_size": "1 bunch", "unit_price": "$5.99/1ea", "stock": "Out of Stock", "points": "", "date_scraped": "2024-07-03T14:26:18.022751", "product_id": "cb89c053daf6984c5c40713023ef20dc", "organic": false},
{"store": "loblaws", "category": "Fresh Vegetables", "name": "Organic Fennel", "price": "$6.99", "sale_price": "", "previous_price": "", "image_url": "https://assets.shop.loblaws.ca/products/20305652001/b3/en/front/20305652001_front_a06_@2.png", "link": "https://www.loblaws.ca/organic-fennel/p/20305652001_EA?source=nspt", "brand": "", "package_size": "1 ea", "unit_price": "$6.99/1ea", "stock": "In stock", "points": "", "date_scraped": "2024-07-03T14:26:18.024271", "product_id": "ace96ac75d3cccf702eee04f871d7b7d", "organic": true},
{"store": "loblaws", "category": "Fresh Vegetables", "name": "Microwave Ready Savoury Herb Potatoes", "price": "$4.99", "sale_price": "", "previous_price": "", "image_url": "https://assets.shop.loblaws.ca/products/21391602/b3/en/front/21391602_front_a06_@2.png", "link": "https://www.loblaws.ca/microwave-ready-savoury-herb-potatoes/p/21391602_EA?source=nspt", "brand": "The Little Potato Company", "package_size": "454 g", "unit_price": "$1.10/100g", "stock": "In stock", "points": "", "date_scraped": "2024-07-03T14:26:18.025268", "product_id": "7d06040ba945c644a2655a07e0745281", "organic": false},
{"store": "loblaws", "category": "Fresh Vegetables", "name": "Organics Sliced Portobello Mushrooms", "price": "$5.99", "sale_price": "", "previous_price": "", "image_url": "https://assets.shop.loblaws.ca/products/21005151/b3/en/front/21005151_front_a06_@2.png", "link": "https://www.loblaws.ca/organics-sliced-portobello-mushrooms/p/21005151_EA?source=nspt", "brand": "PC Organics", "package_size": "170 g", "unit_price": "$3.52/100g", "stock": "In stock", "points": "", "date_scraped": "2024-07-03T14:26:18.027590", "product_id": "14d39f5ee6b021e0d0c548a65bb568ba", "organic": true},
{"store": "loblaws", "category": "Fresh Vegetables", "name": "Taro Root, Medium", "price": "about $17.97", "sale_price": "", "previous_price": "", "image_url": "https://assets.shop.loblaws.ca/products/20347167001/b3/en/front/20347167001_front_a06_@2.png", "link": "https://www.loblaws.ca/taro-root-medium/p/20347167001_KG?source=nspt", "brand": "", "package_size": "$13.21/1kg", "unit_price": "$5.99/1lb", "stock": "In stock", "points": "", "date_scraped": "2024-07-03T14:26:18.029182", "product_id": "767f2690cd7964c875c727d2c5f84e78", "organic": false},
{"store": "loblaws", "category": "Fresh Vegetables", "name": "Sweet Potatoes, 5 lb bag", "price": "$8.99", "sale_price": "", "previous_price": "", "image_url": "https://assets.shop.loblaws.ca/products/20697331001/b3/en/front/20697331001_front_a06_@2.png", "link": "https://www.loblaws.ca/sweet-potatoes-5-lb-bag/p/20697331001_EA?source=nspt", "brand": "Farmer's Market", "package_size": "2.27 kg", "unit_price": "$0.40/100g", "stock": "In stock", "points": "", "date_scraped": "2024-07-03T14:26:18.031191", "product_id": "47508acc26ca4fa9e2314884ce26b679", "organic": false},
{"store": "loblaws", "category": "Fresh Vegetables", "name": "Green Beans", "price": "$4.99", "sale_price": "", "previous_price": "", "image_url": "https://assets.shop.loblaws.ca/products/21108053001/b3/en/front/21108053001_front_a06_@2.png", "link": "https://www.loblaws.ca/green-beans/p/21108053001_EA?source=nspt", "brand": "", "package_size": "380 g", "unit_price": "$1.31/100g", "stock": "In stock", "points": "", "date_scraped": "2024-07-03T14:26:18.033750", "product_id": "d5cd60884159ce69bf510db1d29ce2ad", "organic": false},
{"store": "loblaws", "category": "Fresh Vegetables", "name": "Fresh Creamer Potatoes Smoked Salt", "price": "$4.99", "sale_price": "", "previous_price": "", "image_url": "https://assets.shop.loblaws.ca/products/21432298/b3/en/front/21432298_front_a06_@2.png", "link": "https://www.loblaws.ca/fresh-creamer-potatoes-smoked-salt/p/21432298_EA?source=nspt", "brand": "The Little Potato Company", "package_size": "454 g", "unit_price": "$1.10/100g", "stock": "In stock", "points": "", "date_scraped": "2024-07-03T14:26:18.035312", "product_id": "3cc874c8ef9ef1f467dc6d3b3e9ac0d4", "organic": false},
{"store": "loblaws", "category": "Fresh Vegetables", "name": "Cassava", "price": "about $2.99", "sale_price": "", "previous_price": "", "image_url": "https://assets.shop.loblaws.ca/products/20087682001/b3/en/front/20087682001_front_a06_@2.png", "link": "https://www.loblaws.ca/cassava/p/20087682001_KG?source=nspt", "brand": "", "package_size": "$4.39/1kg", "unit_price": "$1.99/1lb", "stock": "In stock", "points": "", "date_scraped": "2024-07-03T14:26:18.039098", "product_id": "d537b1412c4ec02842f497d84a65be44", "organic": false},
{"store": "loblaws", "category": "Fresh Vegetables", "name": "Vine Cherry Tomatoes", "price": "$4.99", "sale_price": "", "previous_price": "", "image_url": "https://assets.shop.loblaws.ca/products/21046464001/b3/en/front/21046464001_front_a06_@2.png", "link": "https://www.loblaws.ca/vine-cherry-tomatoes/p/21046464001_EA?source=nspt", "brand": "", "package_size": "255 g", "unit_price": "$1.96/100g", "stock": "In stock", "points": "", "date_scraped": "2024-07-03T14:26:18.042201", "product_id": "986d9078d363c0e7f638292e668db787", "organic": false},
{"store": "loblaws", "category": "Fresh Vegetables", "name": "Mini Yellow Potato", "price": "$4.49", "sale_price": "", "previous_price": "", "image_url": "https://assets.shop.loblaws.ca/products/21607026001/b3/en/front/21607026001_front_a06_@2.png", "link": "https://www.loblaws.ca/mini-yellow-potato/p/21607026001_EA?source=nspt", "brand": "", "package_size": "454 g", "unit_price": "$0.99/100g", "stock": "Out of Stock", "points": "", "date_scraped": "2024-07-03T14:26:18.044723", "product_id": "86a830cb6874bc4038f82d668dff167a", "organic": false},
{"store": "loblaws", "category": "Fresh Vegetables", "name": "Organic Button White Mushrooms", "price": "$3.99", "sale_price": "", "previous_price": "", "image_url": "https://assets.shop.loblaws.ca/products/21005170/b3/en/front/21005170_front_a06_@2.png", "link": "https://www.loblaws.ca/organic-button-white-mushrooms/p/21005170_EA?source=nspt", "brand": "PC Organics", "package_size": "227 g", "unit_price": "$1.76/100g", "stock": "Out of Stock", "points": "", "date_scraped": "2024-07-03T14:26:18.047384", "product_id": "8a248af6516360dee67035d23424e0b1", "organic": true},
{"store": "loblaws", "category": "Fresh Vegetables", "name": "Grey Zucchini", "price": "about $1.58", "sale_price": "", "previous_price": "", "image_url": "https://assets.shop.loblaws.ca/products/20036780001/b3/en/front/20036780001_front_a06_@2.png", "link": "https://www.loblaws.ca/grey-zucchini/p/20036780001_KG?source=nspt", "brand": "", "package_size": "$6.59/1kg", "unit_price": "$2.99/1lb", "stock": "Out of Stock", "points": "", "date_scraped": "2024-07-03T14:26:18.050500", "product_id": "65c157f874b6df344b58cad7767ce504", "organic": false},
{"store": "loblaws", "category": "Fresh Vegetables", "name": "Heirloom Tomatoes", "price": "about $2.42", "sale_price": "", "previous_price": "", "image_url": "https://assets.shop.loblaws.ca/products/20154799001/b3/en/front/20154799001_front_a06_@2.png", "link": "https://www.loblaws.ca/heirloom-tomatoes/p/20154799001_KG?source=nspt", "brand": "", "package_size": "$8.80/1kg", "unit_price": "$3.99/1lb", "stock": "In stock", "points": "", "date_scraped": "2024-07-03T14:26:18.053502", "product_id": "8095b648addae385dc0929f4285858c4", "organic": false},
{"store": "loblaws", "category": "Fresh Vegetables", "name": "Pencil Hot Hot Peppers", "price": "$4.99", "sale_price": "", "previous_price": "", "image_url": "https://assets.shop.loblaws.ca/products/21454333001/b3/en/front/21454333001_front_a06_@2.png", "link": "https://www.loblaws.ca/pencil-hot-hot-peppers/p/21454333001_EA?source=nspt", "brand": "President's Choice", "package_size": "80 g", "unit_price": "$6.24/100g", "stock": "In stock", "points": "", "date_scraped": "2024-07-03T14:26:18.058035", "product_id": "9fbafc9288981e6000932013de7ede42", "organic": false},
{"store": "loblaws", "category": "Fresh Vegetables", "name": "Yellow Beans", "price": "$4.99", "sale_price": "", "previous_price": "", "image_url": "https://assets.shop.loblaws.ca/products/21108038001/b3/en/front/21108038001_front_a06_@2.png", "link": "https://www.loblaws.ca/yellow-beans/p/21108038001_EA?source=nspt", "brand": "", "package_size": "250 g", "unit_price": "$2.00/100g", "stock": "Low Stock", "points": "", "date_scraped": "2024-07-03T14:26:18.061769", "product_id": "5d9d568479759c10fa5182cdf2dde286", "organic": false},
{"store": "loblaws", "category": "Fresh Vegetables", "name": "Red Cabbage", "price": "about $5.84", "sale_price": "", "previous_price": "", "image_url": "https://assets.shop.loblaws.ca/products/20773656001/b3/en/front/20773656001_front_a06_@2.png", "link": "https://www.loblaws.ca/red-cabbage/p/20773656001_KG?source=nspt", "brand": "", "package_size": "$4.39/1kg", "unit_price": "$1.99/1lb", "stock": "In stock", "points": "", "date_scraped": "2024-07-03T14:26:18.064401", "product_id": "2cb4647c6c42584b169bb791a0afc419", "organic": false},
{"store": "loblaws", "category": "Fresh Vegetables", "name": "Eddoes", "price": "about $0.89", "sale_price": "", "previous_price": "", "image_url": "https://assets.shop.loblaws.ca/products/20126133001/b3/en/front/20126133001_front_a06_@2.png", "link": "https://www.loblaws.ca/eddoes/p/20126133001_KG?source=nspt", "brand": "", "package_size": "$5.93/1kg", "unit_price": "$2.69/1lb", "stock": "In stock", "points": "", "date_scraped": "2024-07-03T14:26:18.069302", "product_id": "686dfb2c92f9f9439c20f27237e0d51b", "organic": false},
{"store": "loblaws", "category": "Fresh Vegetables", "name": "Kumato Tomatoes", "price": "$5.99", "sale_price": "", "previous_price": "", "image_url": "https://assets.shop.loblaws.ca/products/20112638001/b3/en/front/20112638001_front_a06_@2.png", "link": "https://www.loblaws.ca/kumato-tomatoes/p/20112638001_EA?source=nspt", "brand": "", "package_size": "454 g", "unit_price": "$1.32/100g", "stock": "In stock", "points": "", "date_scraped": "2024-07-03T14:26:18.071926", "product_id": "b38aea972e3a0d539508404e0b1e8bb7", "organic": false},
{"store": "loblaws", "category": "Fresh Vegetables", "name": "Mini Cucumbers", "price": "$4.99", "sale_price": "", "previous_price": "", "image_url": "https://assets.shop.loblaws.ca/products/20773756001/b3/en/front/20773756001_front_a06_@2.png", "link": "https://www.loblaws.ca/mini-cucumbers/p/20773756001_EA?source=nspt", "brand": "", "package_size": "454 g", "unit_price": "$1.10/100g", "stock": "In stock", "points": "", "date_scraped": "2024-07-03T14:26:18.074005", "product_id": "0b913cc34439a15ebc714aadb64ddc2f", "organic": false},
{"store": "loblaws", "category": "Fresh Vegetables", "name": "White Potatoes", "price": "about $2.37", "sale_price": "", "previous_price": "", "image_url": "https://assets.shop.loblaws.ca/products/20025066001/b3/en/front/20025066001_front_a06_@2.png", "link": "https://www.loblaws.ca/white-potatoes/p/20025066001_KG?source=nspt", "brand": "", "package_size": "$6.59/1kg", "unit_price": "$2.99/1lb", "stock": "In stock", "points": "", "date_scraped": "2024-07-03T14:26:18.077141", "product_id": "08b37756644fd0ff75ae1724d5c57eb0", "organic": false},
{"store": "loblaws", "category": "Fresh Vegetables", "name": "Organic Carrots, 2 lb Bag", "price": "$4.99", "sale_price": "", "previous_price": "", "image_url": "https://assets.shop.loblaws.ca/products/20053421/b3/en/front/20053421_front_a06_@2.png", "link": "https://www.loblaws.ca/organic-carrots-2-lb-bag/p/20053421_EA?source=nspt", "brand": "PC Organics", "package_size": "907 g", "unit_price": "$0.55/100g", "stock": "In stock", "points": "", "date_scraped": "2024-07-03T14:26:18.080917", "product_id": "a72c34abc8026ce851162a067ab3ffa0", "organic": true},
{"store": "loblaws", "category": "Fresh Vegetables", "name": "Lettuce Little Gem", "price": "$5.99", "sale_price": "", "previous_price": "", "image_url": "https://assets.shop.loblaws.ca/products/21472729001/b3/en/front/21472729001_front_a06_@2.png", "link": "https://www.loblaws.ca/lettuce-little-gem/p/21472729001_EA?source=nspt", "brand": "", "package_size": "1 ea", "unit_price": "$5.99/1ea", "stock": "Out of Stock", "points": "", "date_scraped": "2024-07-03T14:26:18.084500", "product_id": "9d65d289188dfa28dd6c9130507ffaea", "organic": false},
{"store": "loblaws", "category": "Fresh Vegetables", "name": "Mixiany Cherry Tomatoes", "price": "$7.00", "sale_price": "", "previous_price": "", "image_url": "https://assets.shop.loblaws.ca/products/21285888001/b3/en/front/21285888001_front_a06_@2.png", "link": "https://www.loblaws.ca/mixiany-cherry-tomatoes/p/21285888001_EA?source=nspt", "brand": "President's Choice", "package_size": "680 g", "unit_price": "$1.03/100g", "stock": "In stock", "points": "", "date_scraped": "2024-07-03T14:26:18.087039", "product_id": "ba6201f001204c546961c2504db91ed4", "organic": false},
{"store": "loblaws", "category": "Fresh Vegetables", "name": "Parsnips, 1 lb Bag", "price": "$4.99", "sale_price": "", "previous_price": "", "image_url": "https://assets.shop.loblaws.ca/products/20081596/b3/en/front/20081596_front_a06_@2.png", "link": "https://www.loblaws.ca/parsnips-1-lb-bag/p/20081596_EA?source=nspt", "brand": "", "package_size": "1 lb bag", "unit_price": "$1.10/100g", "stock": "In stock", "points": "", "date_scraped": "2024-07-03T14:26:18.089546", "product_id": "59592e2f5a73dad1a23afa1b8ec01856", "organic": false}
]