[
  {
    "name": "English Cucumber",
    "price": "$1.99",
    "sale_price": "",
    "previous_price": "",
    "image_url": "https://assets.shop.loblaws.ca/products/20070132001/b3/en/front/20070132001_front_a06_@2.png",
    "link": "https://www.loblaws.ca/english-cucumber/p/20070132001_EA?source=nspt",
    "brand": "",
    "package_size": "1 ea",
    "unit_price": "$1.99/1ea",
    "stock": "Out of Stock",
    "points": ""
  },
  {
    "name": "Green Onion",
    "price": "$1.99",
    "sale_price": "",
    "previous_price": "",
    "image_url": "https://assets.shop.loblaws.ca/products/20107500001/b3/en/front/20107500001_front_a06_@2.png",
    "link": "https://www.loblaws.ca/green-onion/p/20107500001_EA?source=nspt",
    "brand": "",
    "package_size": "1 bunch",
    "unit_price": "$1.99/1ea",
    "stock": "In stock",
    "points": ""
  },
  {
    "name": "Tomato On The Vine Red (1 Bunch)",
    "price": "about $3.90",
    "sale_price": "",
    "previous_price": "",
    "image_url": "https://assets.shop.loblaws.ca/products/20026703001/b3/en/front/20026703001_front_a06_@2.png",
    "link": "https://www.loblaws.ca/tomato-on-the-vine-red-1-bunch/p/20026703001_KG?source=nspt",
    "brand": "",
    "package_size": "$5.49/1kg",
    "unit_price": "$2.49/1lb",
    "stock": "In stock",
    "points": ""
  },
  {
    "name": "Lettuce Iceberg",
    "price": "$4.49",
    "sale_price": "",
    "previous_price": "",
    "image_url": "https://assets.shop.loblaws.ca/products/20135326001/b3/en/front/20135326001_front_a06_@2.png",
    "link": "https://www.loblaws.ca/lettuce-iceberg/p/20135326001_EA?source=nspt",
    "brand": "",
    "package_size": "1 ea",
    "unit_price": "$4.49/1ea",
    "stock": "In stock",
    "points": ""
  },
  {
    "name": "Yellow Onions, 3 lb Bag",
    "price": "$3.99",
    "sale_price": "",
    "previous_price": "",
    "image_url": "https://assets.shop.loblaws.ca/products/20811994001/b3/en/front/20811994001_front_a06_@2.png",
    "link": "https://www.loblaws.ca/yellow-onions-3-lb-bag/p/20811994001_EA?source=nspt",
    "brand": "Farmer's Market",
    "package_size": "1.36 kg",
    "unit_price": "$0.29/100g",
    "stock": "In stock",
    "points": ""
  },
  {
    "name": "Celery Stalks",
    "price": "$2.46",
    "sale_price": "",
    "previous_price": "",
    "image_url": "https://assets.shop.loblaws.ca/products/20163119001/b3/en/front/20163119001_front_a06_@2.png",
    "link": "https://www.loblaws.ca/celery-stalks/p/20163119001_EA?source=nspt",
    "brand": "",
    "package_size": "1 ea",
    "unit_price": "$2.46/1ea",
    "stock": "In stock",
    "points": ""
  },
  {
    "name": "English Cucumber 3Ct    ",
    "price": "$3.99",
    "sale_price": "",
    "previous_price": "",
    "image_url": "https://assets.shop.loblaws.ca/products/20828461001/b3/en/front/20828461001_front_a06_@2.png",
    "link": "https://www.loblaws.ca/english-cucumber-3ct/p/20828461001_EA?source=nspt",
    "brand": "Farmer's Market",
    "package_size": "3 pack",
    "unit_price": "$1.33/1ea",
    "stock": "In stock",
    "points": ""
  },
  {
    "name": "Red Peppers    ",
    "price": "about $2.64",
    "sale_price": "",
    "previous_price": "",
    "image_url": "https://assets.shop.loblaws.ca/products/20007535001/b3/en/front/20007535001_front_a06_@2.png",
    "link": "https://www.loblaws.ca/red-peppers/p/20007535001_KG?source=nspt",
    "brand": "",
    "package_size": "$11.00/1kg",
    "unit_price": "$4.99/1lb",
    "stock": "In stock",
    "points": ""
  },
  {
    "name": "Tomato Beefsteak  Red",
    "price": "about $1.47",
    "sale_price": "",
    "previous_price": "",
    "image_url": "https://assets.shop.loblaws.ca/products/20426141001/b3/en/front/20426141001_front_a06_@2.png",
    "link": "https://www.loblaws.ca/tomato-beefsteak-red/p/20426141001_KG?source=nspt",
    "brand": "",
    "package_size": "$5.49/1kg",
    "unit_price": "$2.49/1lb",
    "stock": "In stock",
    "points": ""
  },
  {
    "name": "Grape Tomatoes",
    "price": "$4.99",
    "sale_price": "",
    "previous_price": "",
    "image_url": "https://assets.shop.loblaws.ca/products/21367888001/b3/en/front/21367888001_front_a06_@2.png",
    "link": "https://www.loblaws.ca/grape-tomatoes/p/21367888001_EA?source=nspt",
    "brand": "Farmer's Market",
    "package_size": "283 g",
    "unit_price": "$1.76/100g",
    "stock": "In stock",
    "points": ""
  },
  {
    "name": "Red Onion",
    "price": "about $2.85",
    "sale_price": "",
    "previous_price": "",
    "image_url": "https://assets.shop.loblaws.ca/products/20134101001/b3/en/front/20134101001_front_a06_@2.png",
    "link": "https://www.loblaws.ca/red-onion/p/20134101001_KG?source=nspt",
    "brand": "",
    "package_size": "$7.69/1kg",
    "unit_price": "$3.49/1lb",
    "stock": "In stock",
    "points": ""
  },
  {
    "name": "Romaine Heart, 3 Pack",
    "price": "$7.49",
    "sale_price": "",
    "previous_price": "",
    "image_url": "https://assets.shop.loblaws.ca/products/20067389001/b3/en/front/20067389001_front_a06_@2.png",
    "link": "https://www.loblaws.ca/romaine-heart-3-pack/p/20067389001_EA?source=nspt",
    "brand": "",
    "package_size": "3 pack",
    "unit_price": "$2.50/1ea",
    "stock": "In stock",
    "points": ""
  },
  {
    "name": "Zucchini",
    "price": "about $1.85",
    "sale_price": "",
    "previous_price": "",
    "image_url": "https://assets.shop.loblaws.ca/products/20426596001/b3/en/front/20426596001_front_a06_@2.png",
    "link": "https://www.loblaws.ca/zucchini/p/20426596001_KG?source=nspt",
    "brand": "",
    "package_size": "$6.59/1kg",
    "unit_price": "$2.99/1lb",
    "stock": "In stock",
    "points": ""
  },
  {
    "name": "Broccoli Crowns",
    "price": "about $2.92",
    "sale_price": "",
    "previous_price": "",
    "image_url": "https://assets.shop.loblaws.ca/products/20026161001/b3/en/front/20026161001_front_a06_@2.png",
    "link": "https://www.loblaws.ca/broccoli-crowns/p/20026161001_KG?source=nspt",
    "brand": "",
    "package_size": "$7.69/1kg",
    "unit_price": "$3.49/1lb",
    "stock": "In stock",
    "points": ""
  },
  {
    "name": "Roma Tomatoes",
    "price": "",
    "sale_price": "about $0.66",
    "previous_price": "$0.79",
    "image_url": "https://assets.shop.loblaws.ca/products/20143381001/b3/en/front/20143381001_front_a06_@2.png",
    "link": "https://www.loblaws.ca/roma-tomatoes/p/20143381001_KG?source=nspt",
    "brand": "",
    "package_size": "$5.49/1kg",
    "unit_price": "$2.49/1lb",
    "stock": "In stock",
    "points": ""
  },
  {
    "name": "Sweet Green Peppers",
    "price": "about $2.16",
    "sale_price": "",
    "previous_price": "",
    "image_url": "https://assets.shop.loblaws.ca/products/20425893001/b3/en/front/20425893001_front_a06_@2.png",
    "link": "https://www.loblaws.ca/sweet-green-peppers/p/20425893001_KG?source=nspt",
    "brand": "",
    "package_size": "$8.80/1kg",
    "unit_price": "$3.99/1lb",
    "stock": "In stock",
    "points": ""
  },
  {
    "name": "Carrots, 3 lb Bag",
    "price": "$3.99",
    "sale_price": "",
    "previous_price": "",
    "image_url": "https://assets.shop.loblaws.ca/products/20600927001/b3/en/front/20600927001_front_a06_@2.png",
    "link": "https://www.loblaws.ca/carrots-3-lb-bag/p/20600927001_EA?source=nspt",
    "brand": "Farmer's Market",
    "package_size": "1.362 kg",
    "unit_price": "$0.29/100g",
    "stock": "In stock",
    "points": ""
  },
  {
    "name": "Ginger",
    "price": "about $1.61",
    "sale_price": "",
    "previous_price": "",
    "image_url": "https://assets.shop.loblaws.ca/products/20179038001/b3/en/front/20179038001_front_a06_@2.png",
    "link": "https://www.loblaws.ca/ginger/p/20179038001_KG?source=nspt",
    "brand": "",
    "package_size": "$7.69/1kg",
    "unit_price": "$3.49/1lb",
    "stock": "Low Stock",
    "points": ""
  },
  {
    "name": "Bi-Colour Corn, Corn on the Cob",
    "price": "$0.99",
    "sale_price": "",
    "previous_price": "",
    "image_url": "https://assets.shop.loblaws.ca/products/20131170001/b3/en/front/20131170001_front_a06_@2.png",
    "link": "https://www.loblaws.ca/bi-colour-corn-corn-on-the-cob/p/20131170001_EA?source=nspt",
    "brand": "",
    "package_size": "1 ea",
    "unit_price": "$0.99/1ea",
    "stock": "In stock",
    "points": ""
  },
  {
    "name": "Cauliflower",
    "price": "$6.99",
    "sale_price": "",
    "previous_price": "",
    "image_url": "https://assets.shop.loblaws.ca/products/20135377001/b3/en/front/20135377001_front_a06_@2.png",
    "link": "https://www.loblaws.ca/cauliflower/p/20135377001_EA?source=nspt",
    "brand": "",
    "package_size": "1 ea",
    "unit_price": "$6.99/1ea",
    "stock": "In stock",
    "points": ""
  },
  {
    "name": "Broccoli",
    "price": "$3.99",
    "sale_price": "",
    "previous_price": "",
    "image_url": "https://assets.shop.loblaws.ca/products/20145621001/b3/en/front/20145621001_front_a06_@2.png",
    "link": "https://www.loblaws.ca/broccoli/p/20145621001_EA?source=nspt",
    "brand": "",
    "package_size": "1 ea",
    "unit_price": "$3.99/1ea",
    "stock": "In stock",
    "points": ""
  },
  {
    "name": "Garlic Bulbs, 3-count",
    "price": "$1.29",
    "sale_price": "",
    "previous_price": "",
    "image_url": "https://assets.shop.loblaws.ca/products/21004355001/b3/en/front/21004355001_front_a06_@2.png",
    "link": "https://www.loblaws.ca/garlic-bulbs-3-count/p/21004355001_EA?source=nspt",
    "brand": "Rooster",
    "package_size": "90 g",
    "unit_price": "$0.43/1ea",
    "stock": "In stock",
    "points": ""
  },
  {
    "name": "Sweet Onion",
    "price": "about $3.03",
    "sale_price": "",
    "previous_price": "",
    "image_url": "https://assets.shop.loblaws.ca/products/20083454001/b3/en/front/20083454001_front_a06_@2.png",
    "link": "https://www.loblaws.ca/sweet-onion/p/20083454001_KG?source=nspt",
    "brand": "",
    "package_size": "$6.59/1kg",
    "unit_price": "$2.99/1lb",
    "stock": "In stock",
    "points": ""
  },
  {
    "name": "Mini Carrots",
    "price": "$3.49",
    "sale_price": "",
    "previous_price": "",
    "image_url": "https://assets.shop.loblaws.ca/products/20117370001/b3/en/front/20117370001_front_a06_@2.png",
    "link": "https://www.loblaws.ca/mini-carrots/p/20117370001_EA?source=nspt",
    "brand": "Farmer's Market",
    "package_size": "340 g",
    "unit_price": "$1.03/100g",
    "stock": "In stock",
    "points": ""
  },
  {
    "name": "Sweet Potato",
    "price": "about $2.77",
    "sale_price": "",
    "previous_price": "",
    "image_url": "https://assets.shop.loblaws.ca/products/20127708001/b3/en/front/20127708001_front_a06_@2.png",
    "link": "https://www.loblaws.ca/sweet-potato/p/20127708001_KG?source=nspt",
    "brand": "",
    "package_size": "$4.39/1kg",
    "unit_price": "$1.99/1lb",
    "stock": "In stock",
    "points": ""
  },
  {
    "name": "Mini Cucumbers",
    "price": "$3.99",
    "sale_price": "",
    "previous_price": "",
    "image_url": "https://assets.shop.loblaws.ca/products/20737570001/b3/en/front/20737570001_front_a06_@2.png",
    "link": "https://www.loblaws.ca/mini-cucumbers/p/20737570001_EA?source=nspt",
    "brand": "Farmer's Market",
    "package_size": "6 pack",
    "unit_price": "$0.67/1ea",
    "stock": "In stock",
    "points": ""
  },
  {
    "name": "Naturally Imperfect Mixed Sweet Peppers 2.5lb Bag",
    "price": "$7.99",
    "sale_price": "",
    "previous_price": "",
    "image_url": "https://assets.shop.loblaws.ca/products/20921434001/b3/en/front/20921434001_front_a06_@2.png",
    "link": "https://www.loblaws.ca/naturally-imperfect-mixed-sweet-peppers-2-5lb-bag/p/20921434001_EA?source=nspt",
    "brand": "No Name",
    "package_size": "1.113 kg",
    "unit_price": "$0.72/100g",
    "stock": "In stock",
    "points": ""
  },
  {
    "name": "Sweet Corn",
    "price": "$5.99",
    "sale_price": "",
    "previous_price": "",
    "image_url": "https://assets.shop.loblaws.ca/products/20348977001/b3/en/front/20348977001_front_a06_@2.png",
    "link": "https://www.loblaws.ca/sweet-corn/p/20348977001_EA?source=nspt",
    "brand": "Farmer's Market",
    "package_size": "4 pack",
    "unit_price": "$1.50/1ea",
    "stock": "In stock",
    "points": ""
  },
  {
    "name": "Asparagus",
    "price": "",
    "sale_price": "about $3.89",
    "previous_price": "$7.14",
    "image_url": "https://assets.shop.loblaws.ca/products/20174581001/b3/en/front/20174581001_front_a06_@2.png",
    "link": "https://www.loblaws.ca/asparagus/p/20174581001_KG?source=nspt",
    "brand": "",
    "package_size": "$6.59/1kg",
    "unit_price": "$2.99/1lb",
    "stock": "In stock",
    "points": ""
  },
  {
    "name": "Colossal Garlic",
    "price": "about $1.10",
    "sale_price": "",
    "previous_price": "",
    "image_url": "https://assets.shop.loblaws.ca/products/20135581001/b3/en/front/20135581001_front_a06_@2.png",
    "link": "https://www.loblaws.ca/colossal-garlic/p/20135581001_KG?source=nspt",
    "brand": "",
    "package_size": "$11.00/1kg",
    "unit_price": "$4.99/1lb",
    "stock": "In stock",
    "points": ""
  },
  {
    "name": "Russet Potatoes, 10 lb Bag",
    "price": "$5.99",
    "sale_price": "",
    "previous_price": "",
    "image_url": "https://assets.shop.loblaws.ca/products/20601020001/b3/en/front/20601020001_front_a06_@2.png",
    "link": "https://www.loblaws.ca/russet-potatoes-10-lb-bag/p/20601020001_EA?source=nspt",
    "brand": "Farmer's Market",
    "package_size": "4.54 kg",
    "unit_price": "$0.13/100g",
    "stock": "In stock",
    "points": ""
  },
  {
    "name": "Romaine Lettuce",
    "price": "$4.99",
    "sale_price": "",
    "previous_price": "",
    "image_url": "https://assets.shop.loblaws.ca/products/20065036001/b3/en/front/20065036001_front_a06_@2.png",
    "link": "https://www.loblaws.ca/romaine-lettuce/p/20065036001_EA?source=nspt",
    "brand": "",
    "package_size": "1 ea",
    "unit_price": "$4.99/1ea",
    "stock": "In stock",
    "points": ""
  },
  {
    "name": "Grape Tomato 907G    ",
    "price": "$7.99",
    "sale_price": "",
    "previous_price": "",
    "image_url": "https://assets.shop.loblaws.ca/products/20840038001/b3/en/front/20840038001_front_a06_@2.png",
    "link": "https://www.loblaws.ca/grape-tomato-907g/p/20840038001_EA?source=nspt",
    "brand": "Farmer's Market",
    "package_size": "908 g",
    "unit_price": "$0.88/100g",
    "stock": "In stock",
    "points": ""
  },
  {
    "name": "Greenhouse Peppers, Orange",
    "price": "about $2.64",
    "sale_price": "",
    "previous_price": "",
    "image_url": "https://assets.shop.loblaws.ca/products/20166880001/b3/en/front/20166880001_front_a06_@2.png",
    "link": "https://www.loblaws.ca/greenhouse-peppers-orange/p/20166880001_KG?source=nspt",
    "brand": "",
    "package_size": "$11.00/1kg",
    "unit_price": "$4.99/1lb",
    "stock": "In stock",
    "points": ""
  },
  {
    "name": "Greenhouse Peppers",
    "price": "",
    "sale_price": "$4.49",
    "previous_price": "$4.99",
    "image_url": "https://assets.shop.loblaws.ca/products/20085851001/b3/en/front/20085851001_front_a06_@2.png",
    "link": "https://www.loblaws.ca/greenhouse-peppers/p/20085851001_EA?source=nspt",
    "brand": "Farmer's Market",
    "package_size": "1 ea",
    "unit_price": "$1.50/1ea",
    "stock": "In stock",
    "points": ""
  },
  {
    "name": "Cucumbers 11 count",
    "price": "",
    "sale_price": "$4.99",
    "previous_price": "$6.99",
    "image_url": "https://assets.shop.loblaws.ca/products/21070679001/b3/en/front/21070679001_front_a06_@2.png",
    "link": "https://www.loblaws.ca/cucumbers-11-count/p/21070679001_EA?source=nspt",
    "brand": "Farmer's Market",
    "package_size": "750 g",
    "unit_price": "$0.45/1ea",
    "stock": "In stock",
    "points": ""
  },
  {
    "name": "Mini Carrots, 2 lb",
    "price": "$5.99",
    "sale_price": "",
    "previous_price": "",
    "image_url": "https://assets.shop.loblaws.ca/products/20031454001/b3/en/front/20031454001_front_a06_@2.png",
    "link": "https://www.loblaws.ca/mini-carrots-2-lb/p/20031454001_EA?source=nspt",
    "brand": "Farmer's Market",
    "package_size": "907 g",
    "unit_price": "$0.66/100g",
    "stock": "In stock",
    "points": ""
  },
  {
    "name": "Cabbage, Green",
    "price": "about $4.77",
    "sale_price": "",
    "previous_price": "",
    "image_url": "https://assets.shop.loblaws.ca/products/20793034001/b3/en/front/20793034001_front_a06_@2.png",
    "link": "https://www.loblaws.ca/cabbage-green/p/20793034001_KG?source=nspt",
    "brand": "",
    "package_size": "$2.84/1kg",
    "unit_price": "$1.29/1lb",
    "stock": "In stock",
    "points": ""
  },
  {
    "name": "Green Leaf Lettuce",
    "price": "$3.99",
    "sale_price": "",
    "previous_price": "",
    "image_url": "https://assets.shop.loblaws.ca/products/20133884001/b3/en/front/20133884001_front_a06_@2.png",
    "link": "https://www.loblaws.ca/green-leaf-lettuce/p/20133884001_EA?source=nspt",
    "brand": "",
    "package_size": "1 ea",
    "unit_price": "$3.99/1ea",
    "stock": "In stock",
    "points": ""
  },
  {
    "name": "Mixed Peppers (6 Pack)",
    "price": "$10.99",
    "sale_price": "",
    "previous_price": "",
    "image_url": "https://assets.shop.loblaws.ca/products/21030970001/b3/en/front/21030970001_front_a06_@2.png",
    "link": "https://www.loblaws.ca/mixed-peppers-6-pack/p/21030970001_EA?source=nspt",
    "brand": "Farmer's Market",
    "package_size": "6x1.0 ea",
    "unit_price": "$1.83/1ea",
    "stock": "In stock",
    "points": ""
  },
  {
    "name": "Greenhouse Peppers, Yellow",
    "price": "about $2.53",
    "sale_price": "",
    "previous_price": "",
    "image_url": "https://assets.shop.loblaws.ca/products/20141814001/b3/en/front/20141814001_front_a06_@2.png",
    "link": "https://www.loblaws.ca/greenhouse-peppers-yellow/p/20141814001_KG?source=nspt",
    "brand": "",
    "package_size": "$11.00/1kg",
    "unit_price": "$4.99/1lb",
    "stock": "In stock",
    "points": ""
  },
  {
    "name": "Snow Pea Sprouts",
    "price": "$2.99",
    "sale_price": "",
    "previous_price": "",
    "image_url": "https://assets.shop.loblaws.ca/products/21037049/b3/en/front/21037049_front_a06_@2.png",
    "link": "https://www.loblaws.ca/snow-pea-sprouts/p/21037049_EA?source=nspt",
    "brand": "",
    "package_size": "75 g",
    "unit_price": "$3.99/100g",
    "stock": "Out of Stock",
    "points": ""
  },
  {
    "name": "Organic Rainbow Carrots",
    "price": "$5.99",
    "sale_price": "",
    "previous_price": "",
    "image_url": "https://assets.shop.loblaws.ca/products/20908098001/b3/en/front/20908098001_front_a06_@2.png",
    "link": "https://www.loblaws.ca/organic-rainbow-carrots/p/20908098001_EA?source=nspt",
    "brand": "",
    "package_size": "1 bunch",
    "unit_price": "$5.99/1ea",
    "stock": "In stock",
    "points": ""
  },
  {
    "name": "Mixed Little Gems",
    "price": "$4.99",
    "sale_price": "",
    "previous_price": "",
    "image_url": "https://assets.shop.loblaws.ca/products/21247301001/b3/en/front/21247301001_front_a06_@2.png",
    "link": "https://www.loblaws.ca/mixed-little-gems/p/21247301001_EA?source=nspt",
    "brand": "President's Choice",
    "package_size": "0.68 kg",
    "unit_price": "$0.73/100g",
    "stock": "In stock",
    "points": ""
  },
  {
    "name": "Ruby and Golden Little Gems, 5 lb bag",
    "price": "$8.99",
    "sale_price": "",
    "previous_price": "",
    "image_url": "https://assets.shop.loblaws.ca/products/20767842/b3/en/front/20767842_front_a06_@2.png",
    "link": "https://www.loblaws.ca/ruby-and-golden-little-gems-5-lb-bag/p/20767842_EA?source=nspt",
    "brand": "President's Choice",
    "package_size": "2.27 kg",
    "unit_price": "$0.40/100g",
    "stock": "In stock",
    "points": ""
  },
  {
    "name": "French Beans",
    "price": "$5.99",
    "sale_price": "",
    "previous_price": "",
    "image_url": "https://assets.shop.loblaws.ca/products/20889720/b3/en/front/20889720_front_a06_@2.png",
    "link": "https://www.loblaws.ca/french-beans/p/20889720_EA?source=nspt",
    "brand": "",
    "package_size": "400 g",
    "unit_price": "$1.50/100g",
    "stock": "In stock",
    "points": ""
  },
  {
    "name": "Cocktail Tomatoes ",
    "price": "$4.99",
    "sale_price": "",
    "previous_price": "",
    "image_url": "https://assets.shop.loblaws.ca/products/20779176001/b3/en/front/20779176001_front_a06_@2.png",
    "link": "https://www.loblaws.ca/cocktail-tomatoes/p/20779176001_EA?source=nspt",
    "brand": "President's Choice",
    "package_size": "340 g",
    "unit_price": "$1.47/100g",
    "stock": "In stock",
    "points": ""
  },
  {
    "name": "Organic French Beans",
    "price": "$6.99",
    "sale_price": "",
    "previous_price": "",
    "image_url": "https://assets.shop.loblaws.ca/products/21126944001/b3/en/front/21126944001_front_a06_@2.png",
    "link": "https://www.loblaws.ca/organic-french-beans/p/21126944001_EA?source=nspt",
    "brand": "",
    "package_size": "350 g",
    "unit_price": "$2.00/100g",
    "stock": "In stock",
    "points": ""
  },
  {
    "name": "Coloured Carrots",
    "price": "$4.99",
    "sale_price": "",
    "previous_price": "",
    "image_url": "https://assets.shop.loblaws.ca/products/20997816001/b3/en/front/20997816001_front_a06_@2.png",
    "link": "https://www.loblaws.ca/coloured-carrots/p/20997816001_EA?source=nspt",
    "brand": "",
    "package_size": "454 g",
    "unit_price": "$1.10/100g",
    "stock": "In stock",
    "points": ""
  },
  {
    "name": "Organic Butternut Squash",
    "price": "about $9.36",
    "sale_price": "",
    "previous_price": "",
    "image_url": "https://assets.shop.loblaws.ca/products/20051060001/b3/en/front/20051060001_front_a06_@2.png",
    "link": "https://www.loblaws.ca/organic-butternut-squash/p/20051060001_KG?source=nspt",
    "brand": "",
    "package_size": "$6.59/1kg",
    "unit_price": "$2.99/1lb",
    "stock": "In stock",
    "points": ""
  },
  {
    "name": "Lemongrass",
    "price": "$1.49",
    "sale_price": "",
    "previous_price": "",
    "image_url": "https://assets.shop.loblaws.ca/products/20562078/b3/en/front/20562078_front_a06_@2.png",
    "link": "https://www.loblaws.ca/lemongrass/p/20562078_EA?source=nspt",
    "brand": "",
    "package_size": "1 ea",
    "unit_price": "$1.49/1ea",
    "stock": "Out of Stock",
    "points": ""
  },
  {
    "name": "Potato White/Russet Small, 3lb",
    "price": "$1.99",
    "sale_price": "",
    "previous_price": "",
    "image_url": "https://assets.shop.loblaws.ca/products/21209989001/b3/en/front/21209989001_front_a06_@2.png",
    "link": "https://www.loblaws.ca/potato-white-russet-small-3lb/p/21209989001_EA?source=nspt",
    "brand": "",
    "package_size": "1.36 kg",
    "unit_price": "$0.15/100g",
    "stock": "Out of Stock",
    "points": ""
  },
  {
    "name": "Naked Leaf Living Basil",
    "price": "$3.99",
    "sale_price": "",
    "previous_price": "",
    "image_url": "https://assets.shop.loblaws.ca/products/20816470001/b3/en/front/20816470001_front_a06_@2.png",
    "link": "https://www.loblaws.ca/naked-leaf-living-basil/p/20816470001_EA?source=nspt",
    "brand": "",
    "package_size": "57 g",
    "unit_price": "$7.00/100g",
    "stock": "Out of Stock",
    "points": ""
  },
  {
    "name": "Yellow Oyster Mushroom ",
    "price": "$8.99",
    "sale_price": "",
    "previous_price": "",
    "image_url": "https://assets.shop.loblaws.ca/products/21518733/b3/en/front/21518733_front_a06_@2.png",
    "link": "https://www.loblaws.ca/yellow-oyster-mushroom/p/21518733_EA?source=nspt",
    "brand": "",
    "package_size": "200 g",
    "unit_price": "$4.50/100g",
    "stock": "In stock",
    "points": ""
  },
  {
    "name": "Pink Oyster Mushroom",
    "price": "$8.99",
    "sale_price": "",
    "previous_price": "",
    "image_url": "https://assets.shop.loblaws.ca/products/21518589/b3/en/front/21518589_front_a06_@2.png",
    "link": "https://www.loblaws.ca/pink-oyster-mushroom/p/21518589_EA?source=nspt",
    "brand": "",
    "package_size": "200 g",
    "unit_price": "$4,495.00/100g",
    "stock": "In stock",
    "points": ""
  },
  {
    "name": "Organic Cucumber Mini",
    "price": "$5.49",
    "sale_price": "",
    "previous_price": "",
    "image_url": "https://assets.shop.loblaws.ca/products/20935931001/b3/en/front/20935931001_front_a06_@2.png",
    "link": "https://www.loblaws.ca/organic-cucumber-mini/p/20935931001_EA?source=nspt",
    "brand": "PC Organics",
    "package_size": "342 g",
    "unit_price": "$0.92/1ea",
    "stock": "In stock",
    "points": ""
  },
  {
    "name": "Organic Beet Bunch",
    "price": "$5.99",
    "sale_price": "",
    "previous_price": "",
    "image_url": "https://assets.shop.loblaws.ca/products/21095252001/b3/en/front/21095252001_front_a06_@2.png",
    "link": "https://www.loblaws.ca/organic-beet-bunch/p/21095252001_EA?source=nspt",
    "brand": "",
    "package_size": "699 g",
    "unit_price": "$0.86/100g",
    "stock": "In stock",
    "points": ""
  },
  {
    "name": "Organic Cauliflower",
    "price": "$5.99",
    "sale_price": "",
    "previous_price": "",
    "image_url": "https://assets.shop.loblaws.ca/products/20001440001/b3/en/front/20001440001_front_a06_@2.png",
    "link": "https://www.loblaws.ca/organic-cauliflower/p/20001440001_EA?source=nspt",
    "brand": "PC Organics",
    "package_size": "1 ea",
    "unit_price": "$5.99/1ea",
    "stock": "In stock",
    "points": ""
  },
  {
    "name": "Radicchio Treviso",
    "price": "$13.21",
    "sale_price": "",
    "previous_price": "",
    "image_url": "https://assets.shop.loblaws.ca/products/21456117001/b3/en/front/21456117001_front_a06_@2.png",
    "link": "https://www.loblaws.ca/radicchio-treviso/p/21456117001_KG?source=nspt",
    "brand": "",
    "package_size": "",
    "unit_price": "$1.32/100g",
    "stock": "In stock",
    "points": ""
  },
  {
    "name": "Pearl Onion",
    "price": "$3.99",
    "sale_price": "",
    "previous_price": "",
    "image_url": "https://assets.shop.loblaws.ca/products/21083917001/b3/en/front/21083917001_front_a06_@2.png",
    "link": "https://www.loblaws.ca/pearl-onion/p/21083917001_EA?source=nspt",
    "brand": "",
    "package_size": "250 g",
    "unit_price": "$1.60/100g",
    "stock": "In stock",
    "points": ""
  },
  {
    "name": "Jalapeno Peppers",
    "price": "about $0.55",
    "sale_price": "",
    "previous_price": "",
    "image_url": "https://assets.shop.loblaws.ca/products/20088387001/b3/en/front/20088387001_front_a06_@2.png",
    "link": "https://www.loblaws.ca/jalapeno-peppers/p/20088387001_KG?source=nspt",
    "brand": "",
    "package_size": "$11.00/1kg",
    "unit_price": "$4.99/1lb",
    "stock": "In stock",
    "points": ""
  },
  {
    "name": "Red Beets, Bunched",
    "price": "$4.99",
    "sale_price": "",
    "previous_price": "",
    "image_url": "https://assets.shop.loblaws.ca/products/20174607001/b3/en/front/20174607001_front_a06_@2.png",
    "link": "https://www.loblaws.ca/red-beets-bunched/p/20174607001_EA?source=nspt",
    "brand": "",
    "package_size": "1 bunch",
    "unit_price": "$4.99/1ea",
    "stock": "In stock",
    "points": ""
  },
  {
    "name": "Organic Garlic",
    "price": "$3.99",
    "sale_price": "",
    "previous_price": "",
    "image_url": "https://assets.shop.loblaws.ca/products/20717130001/b3/en/front/20717130001_front_a06_@2.png",
    "link": "https://www.loblaws.ca/organic-garlic/p/20717130001_EA?source=nspt",
    "brand": "PC Organics",
    "package_size": "115 g",
    "unit_price": "$3.47/100g",
    "stock": "In stock",
    "points": ""
  },
  {
    "name": "Red Potatoes, 10 lb Bag",
    "price": "$6.99",
    "sale_price": "",
    "previous_price": "",
    "image_url": "https://assets.shop.loblaws.ca/products/20601013001/b3/en/front/20601013001_front_a06_@2.png",
    "link": "https://www.loblaws.ca/red-potatoes-10-lb-bag/p/20601013001_EA?source=nspt",
    "brand": "Farmer's Market",
    "package_size": "4.54 kg",
    "unit_price": "$0.15/100g",
    "stock": "In stock",
    "points": ""
  },
  {
    "name": "Organic English Cucumber",
    "price": "",
    "sale_price": "$2.49",
    "previous_price": "$3.99",
    "image_url": "https://assets.shop.loblaws.ca/products/20080489001/b3/en/front/20080489001_front_a06_@2.png",
    "link": "https://www.loblaws.ca/organic-english-cucumber/p/20080489001_EA?source=nspt",
    "brand": "",
    "package_size": "1 ea",
    "unit_price": "$2.49/1ea",
    "stock": "In stock",
    "points": ""
  },
  {
    "name": "Bluefoot Mushrooms",
    "price": "$1.93",
    "sale_price": "",
    "previous_price": "",
    "image_url": "https://assets.shop.loblaws.ca/products/20760903/b3/en/front/20760903_front_a06_@2.png",
    "link": "https://www.loblaws.ca/bluefoot-mushrooms/p/20760903_KG?source=nspt",
    "brand": "",
    "package_size": "$7.70/100g",
    "unit_price": "$77.03/1kg",
    "stock": "Out of Stock",
    "points": ""
  },
  {
    "name": "Purple Sweet Potatoes",
    "price": "about $4.00",
    "sale_price": "",
    "previous_price": "",
    "image_url": "https://assets.shop.loblaws.ca/products/20849858001/b3/en/front/20849858001_front_a06_@2.png",
    "link": "https://www.loblaws.ca/purple-sweet-potatoes/p/20849858001_KG?source=nspt",
    "brand": "",
    "package_size": "$4.39/1kg",
    "unit_price": "$1.99/1lb",
    "stock": "Out of Stock",
    "points": ""
  },
  {
    "name": "Whole Button Cremini Mushrooms",
    "price": "$3.99",
    "sale_price": "",
    "previous_price": "",
    "image_url": "https://assets.shop.loblaws.ca/products/21245220/b3/en/front/21245220_front_a06_@2.png",
    "link": "https://www.loblaws.ca/whole-button-cremini-mushrooms/p/21245220_EA?source=nspt",
    "brand": "PC Organics",
    "package_size": "227 g",
    "unit_price": "$1.76/100g",
    "stock": "In stock",
    "points": ""
  },
  {
    "name": "Organic, Red Kale",
    "price": "$4.99",
    "sale_price": "",
    "previous_price": "",
    "image_url": "https://assets.shop.loblaws.ca/products/21095251001/b3/en/front/21095251001_front_a06_@2.png",
    "link": "https://www.loblaws.ca/organic-red-kale/p/21095251001_EA?source=nspt",
    "brand": "",
    "package_size": "1",
    "unit_price": "bunch",
    "stock": "In stock",
    "points": ""
  },
  {
    "name": "Kabocha Squash",
    "price": "about $12.16",
    "sale_price": "",
    "previous_price": "",
    "image_url": "https://assets.shop.loblaws.ca/products/20326319001/b3/en/front/20326319001_front_a06_@2.png",
    "link": "https://www.loblaws.ca/kabocha-squash/p/20326319001_KG?source=nspt",
    "brand": "",
    "package_size": "$5.93/1kg",
    "unit_price": "$2.69/1lb",
    "stock": "Out of Stock",
    "points": ""
  },
  {
    "name": "Grape Tomatoes",
    "price": "$4.99",
    "sale_price": "",
    "previous_price": "",
    "image_url": "https://assets.shop.loblaws.ca/products/20799491001/b3/en/front/20799491001_front_a06_@2.png",
    "link": "https://www.loblaws.ca/grape-tomatoes/p/20799491001_EA?source=nspt",
    "brand": "PC Organics",
    "package_size": "255 g",
    "unit_price": "$1.96/100g",
    "stock": "In stock",
    "points": ""
  },
  {
    "name": "Blue Cluster Mushroom, Fresh",
    "price": "about $8.26",
    "sale_price": "",
    "previous_price": "",
    "image_url": "",
    "link": "https://www.loblaws.ca/blue-cluster-mushroom-fresh/p/20760992_KG?source=nspt",
    "brand": "",
    "package_size": "$55.09/1kg",
    "unit_price": "$25.00/1lb",
    "stock": "Out of Stock",
    "points": ""
  },
  {
    "name": "Organic Sweet Potatoes, 3 lb Bag",
    "price": "$7.99",
    "sale_price": "",
    "previous_price": "",
    "image_url": "https://assets.shop.loblaws.ca/products/20639082001/b3/en/front/20639082001_front_a06_@2.png",
    "link": "https://www.loblaws.ca/organic-sweet-potatoes-3-lb-bag/p/20639082001_EA?source=nspt",
    "brand": "PC Organics",
    "package_size": "1.36 kg",
    "unit_price": "$0.59/100g",
    "stock": "In stock",
    "points": ""
  },
  {
    "name": "Yu Choy Sum",
    "price": "about $4.27",
    "sale_price": "",
    "previous_price": "",
    "image_url": "https://assets.shop.loblaws.ca/products/20171853001/b3/en/front/20171853001_front_a06_@2.png",
    "link": "https://www.loblaws.ca/yu-choy-sum/p/20171853001_KG?source=nspt",
    "brand": "",
    "package_size": "$6.37/1kg",
    "unit_price": "$2.89/1lb",
    "stock": "In stock",
    "points": ""
  },
  {
    "name": "Bi-Colour Corn",
    "price": "$5.99",
    "sale_price": "",
    "previous_price": "",
    "image_url": "https://assets.shop.loblaws.ca/products/20099629/b3/en/front/20099629_front_a06_@2.png",
    "link": "https://www.loblaws.ca/bi-colour-corn/p/20099629_EA?source=nspt",
    "brand": "",
    "package_size": "5 pack",
    "unit_price": "$5.99/1ea",
    "stock": "Out of Stock",
    "points": ""
  },
  {
    "name": "Tomato On The Vine Red (1 Bunch)",
    "price": "",
    "sale_price": "about $6.34",
    "previous_price": "$7.92",
    "image_url": "https://assets.shop.loblaws.ca/products/20127917001/b3/en/front/20127917001_front_a06_@2.png",
    "link": "https://www.loblaws.ca/tomato-on-the-vine-red-1-bunch/p/20127917001_KG?source=nspt",
    "brand": "PC Organics",
    "package_size": "$8.80/1kg",
    "unit_price": "$3.99/1lb",
    "stock": "In stock",
    "points": ""
  },
  {
    "name": "Beta Sweet Carrots",
    "price": "$5.99",
    "sale_price": "",
    "previous_price": "",
    "image_url": "https://assets.shop.loblaws.ca/products/20536191/b3/en/front/20536191_front_a06_@2.png",
    "link": "https://www.loblaws.ca/beta-sweet-carrots/p/20536191_EA?source=nspt",
    "brand": "",
    "package_size": "1 bunch",
    "unit_price": "$5.99/1ea",
    "stock": "Out of Stock",
    "points": ""
  },
  {
    "name": "Taiwanese Flat Cabbage",
    "price": "about $4.21",
    "sale_price": "",
    "previous_price": "",
    "image_url": "https://assets.shop.loblaws.ca/products/20020863001/b3/en/front/20020863001_front_a06_@2.png",
    "link": "https://www.loblaws.ca/taiwanese-flat-cabbage/p/20020863001_KG?source=nspt",
    "brand": "",
    "package_size": "$3.73/1kg",
    "unit_price": "$1.69/1lb",
    "stock": "In stock",
    "points": ""
  },
  {
    "name": "Jamaican Sweet Potatoes",
    "price": "about $6.16",
    "sale_price": "",
    "previous_price": "",
    "image_url": "https://assets.shop.loblaws.ca/products/20130919001/b3/en/front/20130919001_front_a06_@2.png",
    "link": "https://www.loblaws.ca/jamaican-sweet-potatoes/p/20130919001_KG?source=nspt",
    "brand": "",
    "package_size": "$15.41/1kg",
    "unit_price": "$6.99/1lb",
    "stock": "In stock",
    "points": ""
  },
  {
    "name": "Roma Tomatoes",
    "price": "$7.99",
    "sale_price": "",
    "previous_price": "",
    "image_url": "https://assets.shop.loblaws.ca/products/20887498001/b3/en/front/20887498001_front_a06_@2.png",
    "link": "https://www.loblaws.ca/roma-tomatoes/p/20887498001_EA?source=nspt",
    "brand": "Farmer's Market",
    "package_size": "1 ea",
    "unit_price": "$0.59/100g",
    "stock": "Low Stock",
    "points": ""
  },
  {
    "name": "Baby Bok Choy Jr",
    "price": "about $4.42",
    "sale_price": "",
    "previous_price": "",
    "image_url": "https://assets.shop.loblaws.ca/products/20099639001/b3/en/front/20099639001_front_a06_@2.png",
    "link": "https://www.loblaws.ca/baby-bok-choy-jr/p/20099639001_KG?source=nspt",
    "brand": "",
    "package_size": "$6.59/1kg",
    "unit_price": "$2.99/1lb",
    "stock": "In stock",
    "points": ""
  },
  {
    "name": "Chinese Broccoli (gai lan)",
    "price": "about $4.02",
    "sale_price": "",
    "previous_price": "",
    "image_url": "https://assets.shop.loblaws.ca/products/20003604001/b3/en/front/20003604001_front_a06_@2.png",
    "link": "https://www.loblaws.ca/chinese-broccoli-gai-lan/p/20003604001_KG?source=nspt",
    "brand": "",
    "package_size": "$6.59/1kg",
    "unit_price": "$2.99/1lb",
    "stock": "In stock",
    "points": ""
  },
  {
    "name": "LoBok (Daikon Radish)",
    "price": "about $3.08",
    "sale_price": "",
    "previous_price": "",
    "image_url": "https://assets.shop.loblaws.ca/products/20082109001/b3/en/front/20082109001_front_a06_@2.png",
    "link": "https://www.loblaws.ca/lobok-daikon-radish/p/20082109001_KG?source=nspt",
    "brand": "",
    "package_size": "$3.28/1kg",
    "unit_price": "$1.49/1lb",
    "stock": "In stock",
    "points": ""
  },
  {
    "name": "Celery Hearts",
    "price": "$4.99",
    "sale_price": "",
    "previous_price": "",
    "image_url": "https://assets.shop.loblaws.ca/products/20100770001/b3/en/front/20100770001_front_a06_@2.png",
    "link": "https://www.loblaws.ca/celery-hearts/p/20100770001_EA?source=nspt",
    "brand": "",
    "package_size": "2 pack",
    "unit_price": "$2.50/1ea",
    "stock": "In stock",
    "points": ""
  },
  {
    "name": "Purple Eggplants",
    "price": "about $3.76",
    "sale_price": "",
    "previous_price": "",
    "image_url": "https://assets.shop.loblaws.ca/products/20155709001/b3/en/front/20155709001_front_a06_@2.png",
    "link": "https://www.loblaws.ca/purple-eggplants/p/20155709001_KG?source=nspt",
    "brand": "",
    "package_size": "$6.59/1kg",
    "unit_price": "$2.99/1lb",
    "stock": "In stock",
    "points": ""
  },
  {
    "name": "Organic Yellow Potatoes, 3 lb Bag",
    "price": "$5.99",
    "sale_price": "",
    "previous_price": "",
    "image_url": "https://assets.shop.loblaws.ca/products/20075900/b3/en/front/20075900_front_a06_@2.png",
    "link": "https://www.loblaws.ca/organic-yellow-potatoes-3-lb-bag/p/20075900_EA?source=nspt",
    "brand": "PC Organics",
    "package_size": "3 lb bag",
    "unit_price": "$0.44/100g",
    "stock": "In stock",
    "points": ""
  },
  {
    "name": "Italian Eggplants",
    "price": "about $2.38",
    "sale_price": "",
    "previous_price": "",
    "image_url": "https://assets.shop.loblaws.ca/products/20051660001/b3/en/front/20051660001_front_a06_@2.png",
    "link": "https://www.loblaws.ca/italian-eggplants/p/20051660001_KG?source=nspt",
    "brand": "",
    "package_size": "$13.21/1kg",
    "unit_price": "$5.99/1lb",
    "stock": "In stock",
    "points": ""
  },
  {
    "name": "Radicchio Lettuce",
    "price": "about $4.10",
    "sale_price": "",
    "previous_price": "",
    "image_url": "https://assets.shop.loblaws.ca/products/20149995001/b3/en/front/20149995001_front_a06_@2.png",
    "link": "https://www.loblaws.ca/radicchio-lettuce/p/20149995001_KG?source=nspt",
    "brand": "",
    "package_size": "$13.21/1kg",
    "unit_price": "$5.99/1lb",
    "stock": "In stock",
    "points": ""
  },
  {
    "name": "Japanese Yams",
    "price": "about $5.22",
    "sale_price": "",
    "previous_price": "",
    "image_url": "https://assets.shop.loblaws.ca/products/20524922001/b3/en/front/20524922001_front_a06_@2.png",
    "link": "https://www.loblaws.ca/japanese-yams/p/20524922001_KG?source=nspt",
    "brand": "",
    "package_size": "$5.49/1kg",
    "unit_price": "$2.49/1lb",
    "stock": "In stock",
    "points": ""
  },
  {
    "name": "Savorries Cherry Tomatoes",
    "price": "$5.99",
    "sale_price": "",
    "previous_price": "",
    "image_url": "https://assets.shop.loblaws.ca/products/21592940001/b3/en/front/21592940001_front_a06_@2.png",
    "link": "https://www.loblaws.ca/savorries-cherry-tomatoes/p/21592940001_EA?source=nspt",
    "brand": "",
    "package_size": "340 g",
    "unit_price": "$1.76/100g",
    "stock": "In stock",
    "points": ""
  },
  {
    "name": "Romaine Lettuce Hearts",
    "price": "$7.99",
    "sale_price": "",
    "previous_price": "",
    "image_url": "https://assets.shop.loblaws.ca/products/20599776001/b3/en/front/20599776001_front_a06_@2.png",
    "link": "https://www.loblaws.ca/romaine-lettuce-hearts/p/20599776001_EA?source=nspt",
    "brand": "PC Organics",
    "package_size": "3 ea",
    "unit_price": "$2.66/1ea",
    "stock": "In stock",
    "points": ""
  },
  {
    "name": "Yellow Russet Potatoes, 10 Lbs",
    "price": "",
    "sale_price": "$5.99",
    "previous_price": "$6.99",
    "image_url": "https://assets.shop.loblaws.ca/products/21534199001/b3/en/front/21534199001_front_a06_@2.png",
    "link": "https://www.loblaws.ca/yellow-russet-potatoes-10-lbs/p/21534199001_EA?source=nspt",
    "brand": "",
    "package_size": "4.54 kg",
    "unit_price": "$0.13/100g",
    "stock": "In stock",
    "points": ""
  },
  {
    "name": "Live Lettuce Green, 2-pack",
    "price": "$5.99",
    "sale_price": "",
    "previous_price": "",
    "image_url": "https://assets.shop.loblaws.ca/products/21212486/b3/en/front/21212486_front_a06_@2.png",
    "link": "https://www.loblaws.ca/live-lettuce-green-2-pack/p/21212486_EA?source=nspt",
    "brand": "President's Choice",
    "package_size": "1 ea",
    "unit_price": "$5.99/1ea",
    "stock": "In stock",
    "points": ""
  },
  {
    "name": "Organic Green Cabbage",
    "price": "about $9.61",
    "sale_price": "",
    "previous_price": "",
    "image_url": "https://assets.shop.loblaws.ca/products/20125182001/b3/en/front/20125182001_front_a06_@2.png",
    "link": "https://www.loblaws.ca/organic-green-cabbage/p/20125182001_KG?source=nspt",
    "brand": "",
    "package_size": "$5.49/1kg",
    "unit_price": "$2.49/1lb",
    "stock": "In stock",
    "points": ""
  },
  {
    "name": "Organics Portobello Mushroom Caps",
    "price": "$5.99",
    "sale_price": "",
    "previous_price": "",
    "image_url": "https://assets.shop.loblaws.ca/products/21005197/b3/en/front/21005197_front_a06_@2.png",
    "link": "https://www.loblaws.ca/organics-portobello-mushroom-caps/p/21005197_EA?source=nspt",
    "brand": "PC Organics",
    "package_size": "240 g",
    "unit_price": "$2.50/100g",
    "stock": "In stock",
    "points": ""
  },
  {
    "name": "Jamaican Pumpkin",
    "price": "about $6.59",
    "sale_price": "",
    "previous_price": "",
    "image_url": "https://assets.shop.loblaws.ca/products/20615981001/b3/en/front/20615981001_front_a06_@2.png",
    "link": "https://www.loblaws.ca/jamaican-pumpkin/p/20615981001_KG?source=nspt",
    "brand": "",
    "package_size": "$4.39/1kg",
    "unit_price": "$1.99/1lb",
    "stock": "In stock",
    "points": ""
  },
  {
    "name": "Peppers",
    "price": "$5.99",
    "sale_price": "",
    "previous_price": "",
    "image_url": "https://assets.shop.loblaws.ca/products/20690699001/b3/en/front/20690699001_front_a06_@2.png",
    "link": "https://www.loblaws.ca/peppers/p/20690699001_EA?source=nspt",
    "brand": "PC Organics",
    "package_size": "2 pack",
    "unit_price": "$3.00/1ea",
    "stock": "In stock",
    "points": ""
  },
  {
    "name": "Tomatillo",
    "price": "about $2.00",
    "sale_price": "",
    "previous_price": "",
    "image_url": "https://assets.shop.loblaws.ca/products/20062443001/b3/en/front/20062443001_front_a06_@2.png",
    "link": "https://www.loblaws.ca/tomatillo/p/20062443001_KG?source=nspt",
    "brand": "",
    "package_size": "$15.41/1kg",
    "unit_price": "$6.99/1lb",
    "stock": "Out of Stock",
    "points": ""
  },
  {
    "name": "Savorries Cherry Tomatoes",
    "price": "$5.99",
    "sale_price": "",
    "previous_price": "",
    "image_url": "https://assets.shop.loblaws.ca/products/21592940001/b3/en/front/21592940001_front_a06_@2.png",
    "link": "https://www.loblaws.ca/savorries-cherry-tomatoes/p/21592940001_EA?source=nspt",
    "brand": "",
    "package_size": "340 g",
    "unit_price": "$1.76/100g",
    "stock": "In stock",
    "points": ""
  },
  {
    "name": "Shiitake Mushrooms, Dried",
    "price": "$4.99",
    "sale_price": "",
    "previous_price": "",
    "image_url": "https://assets.shop.loblaws.ca/products/20120147/b3/en/front/20120147_front_a06_@2.png",
    "link": "https://www.loblaws.ca/shiitake-mushrooms-dried/p/20120147_EA?source=nspt",
    "brand": "",
    "package_size": "14 g",
    "unit_price": "$35.64/100g",
    "stock": "Out of Stock",
    "points": ""
  },
  {
    "name": "Escarole",
    "price": "$3.99",
    "sale_price": "",
    "previous_price": "",
    "image_url": "https://assets.shop.loblaws.ca/products/20181243001/b3/en/front/20181243001_front_a06_@2.png",
    "link": "https://www.loblaws.ca/escarole/p/20181243001_EA?source=nspt",
    "brand": "",
    "package_size": "1 ea",
    "unit_price": "$3.99/1ea",
    "stock": "In stock",
    "points": ""
  },
  {
    "name": "Live Lettuce Boston",
    "price": "$3.99",
    "sale_price": "",
    "previous_price": "",
    "image_url": "https://assets.shop.loblaws.ca/products/21212489/b3/en/front/21212489_front_a06_@2.png",
    "link": "https://www.loblaws.ca/live-lettuce-boston/p/21212489_EA?source=nspt",
    "brand": "President's Choice",
    "package_size": "1 ea",
    "unit_price": "$3.99/1ea",
    "stock": "In stock",
    "points": ""
  },
  {
    "name": "Vietnamese Basil",
    "price": "about $2.33",
    "sale_price": "",
    "previous_price": "",
    "image_url": "https://assets.shop.loblaws.ca/products/20863300001/b3/en/front/20863300001_front_a06_@2.png",
    "link": "https://www.loblaws.ca/vietnamese-basil/p/20863300001_KG?source=nspt",
    "brand": "",
    "package_size": "$39.62/1kg",
    "unit_price": "$17.98/1lb",
    "stock": "Out of Stock",
    "points": ""
  },
  {
    "name": "Romaine Lettuce Hearts",
    "price": "$7.99",
    "sale_price": "",
    "previous_price": "",
    "image_url": "https://assets.shop.loblaws.ca/products/20599776001/b3/en/front/20599776001_front_a06_@2.png",
    "link": "https://www.loblaws.ca/romaine-lettuce-hearts/p/20599776001_EA?source=nspt",
    "brand": "PC Organics",
    "package_size": "3 ea",
    "unit_price": "$2.66/1ea",
    "stock": "In stock",
    "points": ""
  },
  {
    "name": "Green Garlic",
    "price": "$4.99",
    "sale_price": "",
    "previous_price": "",
    "image_url": "https://assets.shop.loblaws.ca/products/20898870/b3/en/front/20898870_front_a06_@2.png",
    "link": "https://www.loblaws.ca/green-garlic/p/20898870_EA?source=nspt",
    "brand": "",
    "package_size": "1 ea",
    "unit_price": "$4.99/1ea",
    "stock": "Out of Stock",
    "points": ""
  },
  {
    "name": "Live Lettuce Red/Green, 2-pack",
    "price": "$5.99",
    "sale_price": "",
    "previous_price": "",
    "image_url": "https://assets.shop.loblaws.ca/products/21212487/b3/en/front/21212487_front_a06_@2.png",
    "link": "https://www.loblaws.ca/live-lettuce-red-green-2-pack/p/21212487_EA?source=nspt",
    "brand": "President's Choice",
    "package_size": "1 ea",
    "unit_price": "$5.99/1ea",
    "stock": "In stock",
    "points": ""
  },
  {
    "name": "Yellow Potato, 10 lb Bag",
    "price": "",
    "sale_price": "$5.99",
    "previous_price": "$6.99",
    "image_url": "https://assets.shop.loblaws.ca/products/20601017001/b3/en/front/20601017001_front_a06_@2.png",
    "link": "https://www.loblaws.ca/yellow-potato-10-lb-bag/p/20601017001_EA?source=nspt",
    "brand": "Farmer's Market",
    "package_size": "4.54 kg",
    "unit_price": "$0.13/100g",
    "stock": "In stock",
    "points": ""
  },
  {
    "name": "Japanese Yams",
    "price": "about $5.22",
    "sale_price": "",
    "previous_price": "",
    "image_url": "https://assets.shop.loblaws.ca/products/20524922001/b3/en/front/20524922001_front_a06_@2.png",
    "link": "https://www.loblaws.ca/japanese-yams/p/20524922001_KG?source=nspt",
    "brand": "",
    "package_size": "$5.49/1kg",
    "unit_price": "$2.49/1lb",
    "stock": "In stock",
    "points": ""
  },
  {
    "name": "Organic Collard Greens",
    "price": "$4.99",
    "sale_price": "",
    "previous_price": "",
    "image_url": "https://assets.shop.loblaws.ca/products/20563934001/b3/en/front/20563934001_front_a06_@2.png",
    "link": "https://www.loblaws.ca/organic-collard-greens/p/20563934001_EA?source=nspt",
    "brand": "",
    "package_size": "1 bunch",
    "unit_price": "$4.99/1ea",
    "stock": "In stock",
    "points": ""
  },
  {
    "name": "Naked Leaf Living Herbs, Arugula",
    "price": "$2.99",
    "sale_price": "",
    "previous_price": "",
    "image_url": "https://assets.shop.loblaws.ca/products/20816467001/b3/en/front/20816467001_front_a06_@2.png",
    "link": "https://www.loblaws.ca/naked-leaf-living-herbs-arugula/p/20816467001_EA?source=nspt",
    "brand": "",
    "package_size": "57 g",
    "unit_price": "$5.25/100g",
    "stock": "Out of Stock",
    "points": ""
  },
  {
    "name": "Organic Cremini Mushrooms",
    "price": "$8.99",
    "sale_price": "",
    "previous_price": "",
    "image_url": "https://assets.shop.loblaws.ca/products/21166445001/b3/en/front/21166445001_front_a06_@2.png",
    "link": "https://www.loblaws.ca/organic-cremini-mushrooms/p/21166445001_EA?source=nspt",
    "brand": "PC Organics",
    "package_size": "680 g",
    "unit_price": "$1.32/100g",
    "stock": "In stock",
    "points": ""
  },
  {
    "name": "Spaghetti Squash",
    "price": "about $7.47",
    "sale_price": "",
    "previous_price": "",
    "image_url": "https://assets.shop.loblaws.ca/products/20307900001/b3/en/front/20307900001_front_a06_@2.png",
    "link": "https://www.loblaws.ca/spaghetti-squash/p/20307900001_KG?source=nspt",
    "brand": "",
    "package_size": "$5.93/1kg",
    "unit_price": "$2.69/1lb",
    "stock": "In stock",
    "points": ""
  },
  {
    "name": "Carrots, Bunched",
    "price": "$3.99",
    "sale_price": "",
    "previous_price": "",
    "image_url": "https://assets.shop.loblaws.ca/products/20047449001/b3/en/front/20047449001_front_a06_@2.png",
    "link": "https://www.loblaws.ca/carrots-bunched/p/20047449001_EA?source=nspt",
    "brand": "",
    "package_size": "1 bunch",
    "unit_price": "$3.99/1ea",
    "stock": "In stock",
    "points": ""
  },
  {
    "name": "Live Lettuce Trio, 2-pack",
    "price": "$5.99",
    "sale_price": "",
    "previous_price": "",
    "image_url": "https://assets.shop.loblaws.ca/products/21212488/b3/en/front/21212488_front_a06_@2.png",
    "link": "https://www.loblaws.ca/live-lettuce-trio-2-pack/p/21212488_EA?source=nspt",
    "brand": "President's Choice",
    "package_size": "1 ea",
    "unit_price": "$5.99/1ea",
    "stock": "In stock",
    "points": ""
  },
  {
    "name": "Cubanelle Peppers",
    "price": "about $1.87",
    "sale_price": "",
    "previous_price": "",
    "image_url": "https://assets.shop.loblaws.ca/products/20049810001/b3/en/front/20049810001_front_a06_@2.png",
    "link": "https://www.loblaws.ca/cubanelle-peppers/p/20049810001_KG?source=nspt",
    "brand": "",
    "package_size": "$11.00/1kg",
    "unit_price": "$4.99/1lb",
    "stock": "Out of Stock",
    "points": ""
  },
  {
    "name": "Organics Whole Cremini Mushrooms",
    "price": "",
    "sale_price": "$3.00 MIN 2",
    "previous_price": "",
    "image_url": "https://assets.shop.loblaws.ca/products/21021565/b3/en/front/21021565_front_a06_@2.png",
    "link": "https://www.loblaws.ca/organics-whole-cremini-mushrooms/p/21021565_EA?source=nspt",
    "brand": "PC Organics",
    "package_size": "227 g",
    "unit_price": "$1.54/100g",
    "stock": "In stock",
    "points": ""
  },
  {
    "name": "Collard Greens",
    "price": "$4.99",
    "sale_price": "",
    "previous_price": "",
    "image_url": "https://assets.shop.loblaws.ca/products/20118251001/b3/en/front/20118251001_front_a06_@2.png",
    "link": "https://www.loblaws.ca/collard-greens/p/20118251001_EA?source=nspt",
    "brand": "",
    "package_size": "1 bunch",
    "unit_price": "$4.99/1ea",
    "stock": "In stock",
    "points": ""
  },
  {
    "name": "Mucci, Sundrops Tomato",
    "price": "$4.99",
    "sale_price": "",
    "previous_price": "",
    "image_url": "https://assets.shop.loblaws.ca/products/21532206001/b3/en/front/21532206001_front_a06_@2.png",
    "link": "https://www.loblaws.ca/mucci-sundrops-tomato/p/21532206001_EA?source=nspt",
    "brand": "",
    "package_size": "283 g",
    "unit_price": "$1.76/100g",
    "stock": "Out of Stock",
    "points": ""
  },
  {
    "name": "Onion Bulb, Bunch",
    "price": "$3.99",
    "sale_price": "",
    "previous_price": "",
    "image_url": "https://assets.shop.loblaws.ca/products/20156348001/b3/en/front/20156348001_front_a06_@2.png",
    "link": "https://www.loblaws.ca/onion-bulb-bunch/p/20156348001_EA?source=nspt",
    "brand": "",
    "package_size": "1 bunch",
    "unit_price": "$3.99/1ea",
    "stock": "Out of Stock",
    "points": ""
  },
  {
    "name": "Radishes",
    "price": "$2.49",
    "sale_price": "",
    "previous_price": "",
    "image_url": "https://assets.shop.loblaws.ca/products/20032320001/b3/en/front/20032320001_front_a06_@2.png",
    "link": "https://www.loblaws.ca/radishes/p/20032320001_EA?source=nspt",
    "brand": "",
    "package_size": "1 bunch",
    "unit_price": "$2.49/1ea",
    "stock": "In stock",
    "points": ""
  },
  {
    "name": "Thai Eggplant",
    "price": "about $3.49",
    "sale_price": "",
    "previous_price": "",
    "image_url": "https://assets.shop.loblaws.ca/products/20862698001/b3/en/front/20862698001_front_a06_@2.png",
    "link": "https://www.loblaws.ca/thai-eggplant/p/20862698001_KG?source=nspt",
    "brand": "",
    "package_size": "$6.59/1kg",
    "unit_price": "$2.99/1lb",
    "stock": "Out of Stock",
    "points": ""
  },
  {
    "name": "Red Onions, 3 lb Bag",
    "price": "$6.99",
    "sale_price": "",
    "previous_price": "",
    "image_url": "https://assets.shop.loblaws.ca/products/20811362001/b3/en/front/20811362001_front_a06_@2.png",
    "link": "https://www.loblaws.ca/red-onions-3-lb-bag/p/20811362001_EA?source=nspt",
    "brand": "Farmer's Market",
    "package_size": "1.36 kg",
    "unit_price": "$0.51/100g",
    "stock": "In stock",
    "points": ""
  },
  {
    "name": "Garlic, Peeled",
    "price": "$3.49",
    "sale_price": "",
    "previous_price": "",
    "image_url": "https://assets.shop.loblaws.ca/products/20636099/b3/en/front/20636099_front_a06_@2.png",
    "link": "https://www.loblaws.ca/garlic-peeled/p/20636099_EA?source=nspt",
    "brand": "",
    "package_size": "250 g",
    "unit_price": "$1.40/100g",
    "stock": "In stock",
    "points": ""
  },
  {
    "name": "Organic Yukon Mini Potato",
    "price": "$4.99",
    "sale_price": "",
    "previous_price": "",
    "image_url": "https://assets.shop.loblaws.ca/products/21029286/b3/en/front/21029286_front_a06_@2.png",
    "link": "https://www.loblaws.ca/organic-yukon-mini-potato/p/21029286_EA?source=nspt",
    "brand": "",
    "package_size": "680 g",
    "unit_price": "$0.73/100g",
    "stock": "Out of Stock",
    "points": ""
  },
  {
    "name": "Butternut Squash",
    "price": "about $9.55",
    "sale_price": "",
    "previous_price": "",
    "image_url": "https://assets.shop.loblaws.ca/products/20325274001/b3/en/front/20325274001_front_a06_@2.png",
    "link": "https://www.loblaws.ca/butternut-squash/p/20325274001_KG?source=nspt",
    "brand": "",
    "package_size": "$5.93/1kg",
    "unit_price": "$2.69/1lb",
    "stock": "In stock",
    "points": ""
  },
  {
    "name": "Anaheim Hot Peppers",
    "price": "$4.99",
    "sale_price": "",
    "previous_price": "",
    "image_url": "https://assets.shop.loblaws.ca/products/21454729001/b3/en/front/21454729001_front_a06_@2.png",
    "link": "https://www.loblaws.ca/anaheim-hot-peppers/p/21454729001_EA?source=nspt",
    "brand": "President's Choice",
    "package_size": "170 g",
    "unit_price": "$2.94/100g",
    "stock": "In stock",
    "points": ""
  },
  {
    "name": "Chanterelle Mushrooms, Dried",
    "price": "$5.99",
    "sale_price": "",
    "previous_price": "",
    "image_url": "https://assets.shop.loblaws.ca/products/20123799/b3/en/front/20123799_front_a06_@2.png",
    "link": "https://www.loblaws.ca/chanterelle-mushrooms-dried/p/20123799_EA?source=nspt",
    "brand": "",
    "package_size": "14 g",
    "unit_price": "$42.79/100g",
    "stock": "In stock",
    "points": ""
  },
  {
    "name": "Organic Russet Potatoes, 3 lb bag",
    "price": "$4.99",
    "sale_price": "",
    "previous_price": "",
    "image_url": "https://assets.shop.loblaws.ca/products/20063146001/b3/en/front/20063146001_front_a06_@2.png",
    "link": "https://www.loblaws.ca/organic-russet-potatoes-3-lb-bag/p/20063146001_EA?source=nspt",
    "brand": "PC Organics",
    "package_size": "1.36 kg",
    "unit_price": "$0.37/100g",
    "stock": "In stock",
    "points": ""
  },
  {
    "name": "Frisee Lettuce 2-pack",
    "price": "$5.99",
    "sale_price": "",
    "previous_price": "",
    "image_url": "https://assets.shop.loblaws.ca/products/21350918/b3/en/front/21350918_front_a06_@2.png",
    "link": "https://www.loblaws.ca/frisee-lettuce-2-pack/p/21350918_EA?source=nspt",
    "brand": "Gen V",
    "package_size": "200 g",
    "unit_price": "$3.00/100g",
    "stock": "In stock",
    "points": ""
  },
  {
    "name": "Tomato of Yore",
    "price": "$4.99",
    "sale_price": "",
    "previous_price": "",
    "image_url": "https://assets.shop.loblaws.ca/products/20944018001/b3/en/front/20944018001_front_a06_@2.png",
    "link": "https://www.loblaws.ca/tomato-of-yore/p/20944018001_EA?source=nspt",
    "brand": "President's Choice",
    "package_size": "1 ea",
    "unit_price": "$4.99/1ea",
    "stock": "Out of Stock",
    "points": ""
  },
  {
    "name": "Campari Tomatoes 2lb",
    "price": "$5.99",
    "sale_price": "",
    "previous_price": "",
    "image_url": "",
    "link": "https://www.loblaws.ca/campari-tomatoes-2lb/p/20528794_EA?source=nspt",
    "brand": "",
    "package_size": "908 g",
    "unit_price": "$0.66/100g",
    "stock": "Out of Stock",
    "points": ""
  },
  {
    "name": "Organics Whole Oyster Mushrooms",
    "price": "$3.99",
    "sale_price": "",
    "previous_price": "",
    "image_url": "https://assets.shop.loblaws.ca/products/21005184/b3/en/front/21005184_front_a06_@2.png",
    "link": "https://www.loblaws.ca/organics-whole-oyster-mushrooms/p/21005184_EA?source=nspt",
    "brand": "PC Organics",
    "package_size": "100 g",
    "unit_price": "$3.99/100g",
    "stock": "In stock",
    "points": ""
  },
  {
    "name": "Jicama",
    "price": "about $4.70",
    "sale_price": "",
    "previous_price": "",
    "image_url": "https://assets.shop.loblaws.ca/products/20008743001/b3/en/front/20008743001_front_a06_@2.png",
    "link": "https://www.loblaws.ca/jicama/p/20008743001_KG?source=nspt",
    "brand": "",
    "package_size": "$4.39/1kg",
    "unit_price": "$1.99/1lb",
    "stock": "In stock",
    "points": ""
  },
  {
    "name": "Castelfranco Radicchio Lettuce",
    "price": "about $4.62",
    "sale_price": "",
    "previous_price": "",
    "image_url": "https://assets.shop.loblaws.ca/products/20613166001/b3/en/front/20613166001_front_a06_@2.png",
    "link": "https://www.loblaws.ca/castelfranco-radicchio-lettuce/p/20613166001_KG?source=nspt",
    "brand": "",
    "package_size": "$15.41/1kg",
    "unit_price": "$6.99/1lb",
    "stock": "In stock",
    "points": ""
  },
  {
    "name": "Chinese Carrots, Jumbo",
    "price": "about $2.77",
    "sale_price": "",
    "previous_price": "",
    "image_url": "https://assets.shop.loblaws.ca/products/20851084001/b3/en/front/20851084001_front_a06_@2.png",
    "link": "https://www.loblaws.ca/chinese-carrots-jumbo/p/20851084001_KG?source=nspt",
    "brand": "",
    "package_size": "$3.73/1kg",
    "unit_price": "$1.69/1lb",
    "stock": "In stock",
    "points": ""
  },
  {
    "name": "Green Thai Hot Peppers",
    "price": "$4.99",
    "sale_price": "",
    "previous_price": "",
    "image_url": "https://assets.shop.loblaws.ca/products/21454049001/b3/en/front/21454049001_front_a06_@2.png",
    "link": "https://www.loblaws.ca/green-thai-hot-peppers/p/21454049001_EA?source=nspt",
    "brand": "President's Choice",
    "package_size": "75 g",
    "unit_price": "$6.65/100g",
    "stock": "In stock",
    "points": ""
  },
  {
    "name": "French Bean",
    "price": "$8.99",
    "sale_price": "",
    "previous_price": "",
    "image_url": "https://assets.shop.loblaws.ca/products/21218906001/b3/en/front/21218906001_front_a06_@2.png",
    "link": "https://www.loblaws.ca/french-bean/p/21218906001_EA?source=nspt",
    "brand": "",
    "package_size": "680 g",
    "unit_price": "$1.32/100g",
    "stock": "In stock",
    "points": ""
  },
  {
    "name": "Jamaican Ginger",
    "price": "about $4.05",
    "sale_price": "",
    "previous_price": "",
    "image_url": "https://assets.shop.loblaws.ca/products/20863969001/b3/en/front/20863969001_front_a06_@2.png",
    "link": "https://www.loblaws.ca/jamaican-ginger/p/20863969001_KG?source=nspt",
    "brand": "",
    "package_size": "$17.61/1kg",
    "unit_price": "$7.99/1lb",
    "stock": "Low Stock",
    "points": ""
  },
  {
    "name": "Hot Finger Peppers",
    "price": "about $0.29",
    "sale_price": "",
    "previous_price": "",
    "image_url": "https://assets.shop.loblaws.ca/products/20083681001/b3/en/front/20083681001_front_a06_@2.png",
    "link": "https://www.loblaws.ca/hot-finger-peppers/p/20083681001_KG?source=nspt",
    "brand": "",
    "package_size": "$24.23/1kg",
    "unit_price": "$10.99/1lb",
    "stock": "Low Stock",
    "points": ""
  },
  {
    "name": "Finger Hot Hot Peppers",
    "price": "$4.99",
    "sale_price": "",
    "previous_price": "",
    "image_url": "https://assets.shop.loblaws.ca/products/21454748001/b3/en/front/21454748001_front_a06_@2.png",
    "link": "https://www.loblaws.ca/finger-hot-hot-peppers/p/21454748001_EA?source=nspt",
    "brand": "President's Choice",
    "package_size": "226 g",
    "unit_price": "$2.21/100g",
    "stock": "In stock",
    "points": ""
  },
  {
    "name": "Snap Peas",
    "price": "",
    "sale_price": "$5.49",
    "previous_price": "$5.79",
    "image_url": "https://assets.shop.loblaws.ca/products/20712998/b3/en/front/20712998_front_a06_@2.png",
    "link": "https://www.loblaws.ca/snap-peas/p/20712998_EA?source=nspt",
    "brand": "Manns",
    "package_size": "227 g",
    "unit_price": "$2.42/100g",
    "stock": "In stock",
    "points": ""
  },
  {
    "name": "White Asparagus",
    "price": "about $7.93",
    "sale_price": "",
    "previous_price": "",
    "image_url": "https://assets.shop.loblaws.ca/products/20276183001/b3/en/front/20276183001_front_a06_@2.png",
    "link": "https://www.loblaws.ca/white-asparagus/p/20276183001_KG?source=nspt",
    "brand": "",
    "package_size": "$19.82/1kg",
    "unit_price": "$8.99/1lb",
    "stock": "Out of Stock",
    "points": ""
  },
  {
    "name": "Carrot Chips",
    "price": "$3.49",
    "sale_price": "",
    "previous_price": "",
    "image_url": "https://assets.shop.loblaws.ca/products/20885999/b3/en/front/20885999_front_a06_@2.png",
    "link": "https://www.loblaws.ca/carrot-chips/p/20885999_EA?source=nspt",
    "brand": "Farmer's Market",
    "package_size": "454 g",
    "unit_price": "$0.77/100g",
    "stock": "In stock",
    "points": ""
  },
  {
    "name": "Baby Spinach",
    "price": "about $7.05",
    "sale_price": "",
    "previous_price": "",
    "image_url": "https://assets.shop.loblaws.ca/products/20678733001/b3/en/front/20678733001_front_a06_@2.png",
    "link": "https://www.loblaws.ca/baby-spinach/p/20678733001_KG?source=nspt",
    "brand": "",
    "package_size": "$17.62/1kg",
    "unit_price": "$7.99/1lb",
    "stock": "Low Stock",
    "points": ""
  },
  {
    "name": "Red Beets, 2 lb Bag",
    "price": "$4.99",
    "sale_price": "",
    "previous_price": "",
    "image_url": "https://assets.shop.loblaws.ca/products/20069522001/b3/en/front/20069522001_front_a06_@2.png",
    "link": "https://www.loblaws.ca/red-beets-2-lb-bag/p/20069522001_EA?source=nspt",
    "brand": "",
    "package_size": "907 g",
    "unit_price": "$0.55/100g",
    "stock": "In stock",
    "points": ""
  },
  {
    "name": "Morel Mushrooms, Dried",
    "price": "$12.99",
    "sale_price": "",
    "previous_price": "",
    "image_url": "https://assets.shop.loblaws.ca/products/20179714/b3/en/front/20179714_front_a06_@2.png",
    "link": "https://www.loblaws.ca/morel-mushrooms-dried/p/20179714_EA?source=nspt",
    "brand": "",
    "package_size": "14 g",
    "unit_price": "$92.79/100g",
    "stock": "In stock",
    "points": ""
  },
  {
    "name": "Live Lettuce Red, 1-count",
    "price": "$3.99",
    "sale_price": "",
    "previous_price": "",
    "image_url": "https://assets.shop.loblaws.ca/products/21506580/b3/en/front/21506580_front_a06_@2.png",
    "link": "https://www.loblaws.ca/live-lettuce-red-1-count/p/21506580_EA?source=nspt",
    "brand": "President's Choice",
    "package_size": "350 g",
    "unit_price": "$3.99/1ea",
    "stock": "In stock",
    "points": ""
  },
  {
    "name": "Kohlrabi",
    "price": "about $3.23",
    "sale_price": "",
    "previous_price": "",
    "image_url": "https://assets.shop.loblaws.ca/products/20178532001/b3/en/front/20178532001_front_a06_@2.png",
    "link": "https://www.loblaws.ca/kohlrabi/p/20178532001_KG?source=nspt",
    "brand": "",
    "package_size": "$6.59/1kg",
    "unit_price": "$2.99/1lb",
    "stock": "In stock",
    "points": ""
  },
  {
    "name": "Leeks",
    "price": "$5.99",
    "sale_price": "",
    "previous_price": "",
    "image_url": "https://assets.shop.loblaws.ca/products/20090117001/b3/en/front/20090117001_front_a06_@2.png",
    "link": "https://www.loblaws.ca/leeks/p/20090117001_EA?source=nspt",
    "brand": "",
    "package_size": "1 bunch",
    "unit_price": "$5.99/1ea",
    "stock": "In stock",
    "points": ""
  },
  {
    "name": "Portobello Mushrooms, Bulk",
    "price": "about $1.85",
    "sale_price": "",
    "previous_price": "",
    "image_url": "https://assets.shop.loblaws.ca/products/20160721001/b3/en/front/20160721001_front_a06_@2.png",
    "link": "https://www.loblaws.ca/portobello-mushrooms-bulk/p/20160721001_KG?source=nspt",
    "brand": "",
    "package_size": "$15.41/1kg",
    "unit_price": "$6.99/1lb",
    "stock": "Out of Stock",
    "points": ""
  },
  {
    "name": "Tomatillo",
    "price": "$5.99",
    "sale_price": "",
    "previous_price": "",
    "image_url": "https://assets.shop.loblaws.ca/products/21454332001/b3/en/front/21454332001_front_a06_@2.png",
    "link": "https://www.loblaws.ca/tomatillo/p/21454332001_EA?source=nspt",
    "brand": "President's Choice",
    "package_size": "340 g",
    "unit_price": "$1.76/100g",
    "stock": "In stock",
    "points": ""
  },
  {
    "name": "Live Lettuce Green",
    "price": "$3.99",
    "sale_price": "",
    "previous_price": "",
    "image_url": "https://assets.shop.loblaws.ca/products/21178855/b3/en/front/21178855_front_a06_@2.png",
    "link": "https://www.loblaws.ca/live-lettuce-green/p/21178855_EA?source=nspt",
    "brand": "President's Choice",
    "package_size": "350 g",
    "unit_price": "$3.99/1ea",
    "stock": "In stock",
    "points": ""
  },
  {
    "name": "Opo Squash",
    "price": "about $2.77",
    "sale_price": "",
    "previous_price": "",
    "image_url": "https://assets.shop.loblaws.ca/products/20142055001/b3/en/front/20142055001_front_a06_@2.png",
    "link": "https://www.loblaws.ca/opo-squash/p/20142055001_KG?source=nspt",
    "brand": "",
    "package_size": "$4.39/1kg",
    "unit_price": "$1.99/1lb",
    "stock": "In stock",
    "points": ""
  },
  {
    "name": "Carrots",
    "price": "about $0.71",
    "sale_price": "",
    "previous_price": "",
    "image_url": "https://assets.shop.loblaws.ca/products/20116186001/b3/en/front/20116186001_front_a06_@2.png",
    "link": "https://www.loblaws.ca/carrots/p/20116186001_KG?source=nspt",
    "brand": "",
    "package_size": "$5.49/1kg",
    "unit_price": "$2.49/1lb",
    "stock": "Out of Stock",
    "points": ""
  },
  {
    "name": "Red Potatoes, 5 lb Bag",
    "price": "$5.99",
    "sale_price": "",
    "previous_price": "",
    "image_url": "https://assets.shop.loblaws.ca/products/20600999001/b3/en/front/20600999001_front_a06_@2.png",
    "link": "https://www.loblaws.ca/red-potatoes-5-lb-bag/p/20600999001_EA?source=nspt",
    "brand": "President's Choice",
    "package_size": "2.268 kg",
    "unit_price": "$0.26/100g",
    "stock": "In stock",
    "points": ""
  },
  {
    "name": "Organics Yellow Onions, 2 lb Bag",
    "price": "$5.99",
    "sale_price": "",
    "previous_price": "",
    "image_url": "https://assets.shop.loblaws.ca/products/20107532/b3/en/front/20107532_front_a06_@2.png",
    "link": "https://www.loblaws.ca/organics-yellow-onions-2-lb-bag/p/20107532_EA?source=nspt",
    "brand": "PC Organics",
    "package_size": "907 g",
    "unit_price": "$0.66/100g",
    "stock": "In stock",
    "points": ""
  },
  {
    "name": "Fenugreek",
    "price": "$2.29",
    "sale_price": "",
    "previous_price": "",
    "image_url": "https://assets.shop.loblaws.ca/products/20159689001/b3/en/front/20159689001_front_a06_@2.png",
    "link": "https://www.loblaws.ca/fenugreek/p/20159689001_EA?source=nspt",
    "brand": "",
    "package_size": "1 bunch",
    "unit_price": "$2.29/1ea",
    "stock": "Out of Stock",
    "points": ""
  },
  {
    "name": "Oven BBQ Ready Onion Chive Potatoes",
    "price": "$4.99",
    "sale_price": "",
    "previous_price": "",
    "image_url": "https://assets.shop.loblaws.ca/products/21397958/b3/en/front/21397958_front_a06_@2.png",
    "link": "https://www.loblaws.ca/oven-bbq-ready-onion-chive-potatoes/p/21397958_EA?source=nspt",
    "brand": "The Little Potato Company",
    "package_size": "454 g",
    "unit_price": "$1.10/100g",
    "stock": "In stock",
    "points": ""
  },
  {
    "name": "Peppers",
    "price": "$5.49",
    "sale_price": "",
    "previous_price": "",
    "image_url": "",
    "link": "https://www.loblaws.ca/peppers/p/20686976001_EA?source=nspt",
    "brand": "",
    "package_size": "396 g",
    "unit_price": "$2.75/1ea",
    "stock": "Out of Stock",
    "points": ""
  },
  {
    "name": "Endive",
    "price": "$5.99",
    "sale_price": "",
    "previous_price": "",
    "image_url": "https://assets.shop.loblaws.ca/products/20899441001/b3/en/front/20899441001_front_a06_@2.png",
    "link": "https://www.loblaws.ca/endive/p/20899441001_EA?source=nspt",
    "brand": "",
    "package_size": "300 g",
    "unit_price": "$2.00/100g",
    "stock": "In stock",
    "points": ""
  },
  {
    "name": "Turmeric",
    "price": "about $4.32",
    "sale_price": "",
    "previous_price": "",
    "image_url": "https://assets.shop.loblaws.ca/products/20863447001/b3/en/front/20863447001_front_a06_@2.png",
    "link": "https://www.loblaws.ca/turmeric/p/20863447001_KG?source=nspt",
    "brand": "",
    "package_size": "$30.84/1kg",
    "unit_price": "$13.99/1lb",
    "stock": "In stock",
    "points": ""
  },
  {
    "name": "Russet Potatoes, 5 lb Bag",
    "price": "$4.99",
    "sale_price": "",
    "previous_price": "",
    "image_url": "https://assets.shop.loblaws.ca/products/20616206001/b3/en/front/20616206001_front_a06_@2.png",
    "link": "https://www.loblaws.ca/russet-potatoes-5-lb-bag/p/20616206001_EA?source=nspt",
    "brand": "President's Choice",
    "package_size": "2.268 kg",
    "unit_price": "$0.22/100g",
    "stock": "In stock",
    "points": ""
  },
  {
    "name": "Naturally Imperfect Potatoes 15lb",
    "price": "$7.99",
    "sale_price": "",
    "previous_price": "",
    "image_url": "https://assets.shop.loblaws.ca/products/20944462001/b3/en/front/20944462001_front_a06_@2.png",
    "link": "https://www.loblaws.ca/naturally-imperfect-potatoes-15lb/p/20944462001_EA?source=nspt",
    "brand": "No Name",
    "package_size": "6804 g",
    "unit_price": "$0.12/100g",
    "stock": "Out of Stock",
    "points": ""
  },
  {
    "name": "Yellow Potatoes",
    "price": "about $1.98",
    "sale_price": "",
    "previous_price": "",
    "image_url": "https://assets.shop.loblaws.ca/products/20106716001/b3/en/front/20106716001_front_a06_@2.png",
    "link": "https://www.loblaws.ca/yellow-potatoes/p/20106716001_KG?source=nspt",
    "brand": "",
    "package_size": "$6.59/1kg",
    "unit_price": "$2.99/1lb",
    "stock": "In stock",
    "points": ""
  },
  {
    "name": "White Onion",
    "price": "about $3.26",
    "sale_price": "",
    "previous_price": "",
    "image_url": "https://assets.shop.loblaws.ca/products/20003839001/b3/en/front/20003839001_front_a06_@2.png",
    "link": "https://www.loblaws.ca/white-onion/p/20003839001_KG?source=nspt",
    "brand": "",
    "package_size": "$8.80/1kg",
    "unit_price": "$3.99/1lb",
    "stock": "In stock",
    "points": ""
  },
  {
    "name": "Mini Sweet Peppers",
    "price": "$5.99",
    "sale_price": "",
    "previous_price": "",
    "image_url": "https://assets.shop.loblaws.ca/products/20920821001/b3/en/front/20920821001_front_a06_@2.png",
    "link": "https://www.loblaws.ca/mini-sweet-peppers/p/20920821001_EA?source=nspt",
    "brand": "President's Choice",
    "package_size": "454 g",
    "unit_price": "$1.32/100g",
    "stock": "In stock",
    "points": ""
  },
  {
    "name": "Sweet Nantes Carrots",
    "price": "$3.99",
    "sale_price": "",
    "previous_price": "",
    "image_url": "https://assets.shop.loblaws.ca/products/21302363001/b3/en/front/21302363001_front_a06_@2.png",
    "link": "https://www.loblaws.ca/sweet-nantes-carrots/p/21302363001_EA?source=nspt",
    "brand": "",
    "package_size": "454 g",
    "unit_price": "$0.88/100g",
    "stock": "In stock",
    "points": ""
  },
  {
    "name": "Broccolini",
    "price": "$3.69",
    "sale_price": "",
    "previous_price": "",
    "image_url": "https://assets.shop.loblaws.ca/products/20154907/b3/en/front/20154907_front_a06_@2.png",
    "link": "https://www.loblaws.ca/broccolini/p/20154907_EA?source=nspt",
    "brand": "",
    "package_size": "1 bunch",
    "unit_price": "$3.69/1ea",
    "stock": "In stock",
    "points": ""
  },
  {
    "name": "Peppers Mini",
    "price": "$6.99",
    "sale_price": "",
    "previous_price": "",
    "image_url": "https://assets.shop.loblaws.ca/products/21240519001/b3/en/front/21240519001_front_a06_@2.png",
    "link": "https://www.loblaws.ca/peppers-mini/p/21240519001_EA?source=nspt",
    "brand": "PC Organics",
    "package_size": "227 g",
    "unit_price": "$3.08/100g",
    "stock": "In stock",
    "points": ""
  },
  {
    "name": "Carrots",
    "price": "$5.99",
    "sale_price": "",
    "previous_price": "",
    "image_url": "https://assets.shop.loblaws.ca/products/20945332001/b3/en/front/20945332001_front_a06_@2.png",
    "link": "https://www.loblaws.ca/carrots/p/20945332001_EA?source=nspt",
    "brand": "No Name",
    "package_size": "2270 g",
    "unit_price": "$0.26/100g",
    "stock": "Out of Stock",
    "points": ""
  },
  {
    "name": "White Potatoes, 5 lb Bag",
    "price": "$5.99",
    "sale_price": "",
    "previous_price": "",
    "image_url": "https://assets.shop.loblaws.ca/products/20600995001/b3/en/front/20600995001_front_a06_@2.png",
    "link": "https://www.loblaws.ca/white-potatoes-5-lb-bag/p/20600995001_EA?source=nspt",
    "brand": "President's Choice",
    "package_size": "2.268 kg",
    "unit_price": "$0.26/100g",
    "stock": "In stock",
    "points": ""
  },
  {
    "name": "Oven BBQ Ready Garlic Herb Potatoes",
    "price": "$4.99",
    "sale_price": "",
    "previous_price": "",
    "image_url": "https://assets.shop.loblaws.ca/products/21391616/b3/en/front/21391616_front_a06_@2.png",
    "link": "https://www.loblaws.ca/oven-bbq-ready-garlic-herb-potatoes/p/21391616_EA?source=nspt",
    "brand": "The Little Potato Company",
    "package_size": "454 g",
    "unit_price": "$1.10/100g",
    "stock": "In stock",
    "points": ""
  },
  {
    "name": "Curly Endive",
    "price": "$2.99",
    "sale_price": "",
    "previous_price": "",
    "image_url": "https://assets.shop.loblaws.ca/products/20020368001/b3/en/front/20020368001_front_a06_@2.png",
    "link": "https://www.loblaws.ca/curly-endive/p/20020368001_EA?source=nspt",
    "brand": "",
    "package_size": "1 ea",
    "unit_price": "$2.99/1ea",
    "stock": "In stock",
    "points": ""
  },
  {
    "name": "Spinach, Bunched",
    "price": "$2.99",
    "sale_price": "",
    "previous_price": "",
    "image_url": "https://assets.shop.loblaws.ca/products/20162840001/b3/en/front/20162840001_front_a06_@2.png",
    "link": "https://www.loblaws.ca/spinach-bunched/p/20162840001_EA?source=nspt",
    "brand": "",
    "package_size": "1 ea",
    "unit_price": "$2.99/1ea",
    "stock": "In stock",
    "points": ""
  },
  {
    "name": "Brussels Sprouts",
    "price": "$0.88",
    "sale_price": "",
    "previous_price": "",
    "image_url": "https://assets.shop.loblaws.ca/products/20036155001/b3/en/front/20036155001_front_a06_@2.png",
    "link": "https://www.loblaws.ca/brussels-sprouts/p/20036155001_KG?source=nspt",
    "brand": "",
    "package_size": "$8.80/1kg",
    "unit_price": "$3.99/1lb",
    "stock": "In stock",
    "points": ""
  },
  {
    "name": "Turnips",
    "price": "about $2.50",
    "sale_price": "",
    "previous_price": "",
    "image_url": "https://assets.shop.loblaws.ca/products/20136107001/b3/en/front/20136107001_front_a06_@2.png",
    "link": "https://www.loblaws.ca/turnips/p/20136107001_KG?source=nspt",
    "brand": "",
    "package_size": "$6.59/1kg",
    "unit_price": "$2.99/1lb",
    "stock": "In stock",
    "points": ""
  },
  {
    "name": "Organic Green Onions",
    "price": "$1.99",
    "sale_price": "",
    "previous_price": "",
    "image_url": "https://assets.shop.loblaws.ca/products/20603423001/b3/en/front/20603423001_front_a06_@2.png",
    "link": "https://www.loblaws.ca/organic-green-onions/p/20603423001_EA?source=nspt",
    "brand": "PC Organics",
    "package_size": "1 bunch",
    "unit_price": "$1.99/1ea",
    "stock": "In stock",
    "points": ""
  },
  {
    "name": "Organics Baby Cut Carrots, 2 lb bag",
    "price": "$6.99",
    "sale_price": "",
    "previous_price": "",
    "image_url": "https://assets.shop.loblaws.ca/products/20628932001/b3/en/front/20628932001_front_a06_@2.png",
    "link": "https://www.loblaws.ca/organics-baby-cut-carrots-2-lb-bag/p/20628932001_EA?source=nspt",
    "brand": "PC Organics",
    "package_size": "907 g",
    "unit_price": "$0.77/100g",
    "stock": "In stock",
    "points": ""
  },
  {
    "name": "Vidalia Onions, 3 lb Bag",
    "price": "$7.99",
    "sale_price": "",
    "previous_price": "",
    "image_url": "https://assets.shop.loblaws.ca/products/20157705001/b3/en/front/20157705001_front_a06_@2.png",
    "link": "https://www.loblaws.ca/vidalia-onions-3-lb-bag/p/20157705001_EA?source=nspt",
    "brand": "",
    "package_size": "1.36 kg",
    "unit_price": "$0.59/100g",
    "stock": "In stock",
    "points": ""
  },
  {
    "name": "Shallots",
    "price": "$6.99",
    "sale_price": "",
    "previous_price": "",
    "image_url": "https://assets.shop.loblaws.ca/products/21461311001/b3/en/front/21461311001_front_a06_@2.png",
    "link": "https://www.loblaws.ca/shallots/p/21461311001_EA?source=nspt",
    "brand": "",
    "package_size": "750 g",
    "unit_price": "$0.93/100g",
    "stock": "In stock",
    "points": ""
  },
  {
    "name": "Jamaican Aloe",
    "price": "about $1.51",
    "sale_price": "",
    "previous_price": "",
    "image_url": "https://assets.shop.loblaws.ca/products/20866469001/b3/en/front/20866469001_front_a06_@2.png",
    "link": "https://www.loblaws.ca/jamaican-aloe/p/20866469001_KG?source=nspt",
    "brand": "",
    "package_size": "$2.84/1kg",
    "unit_price": "$1.29/1lb",
    "stock": "In stock",
    "points": ""
  },
  {
    "name": "Yellow Yams",
    "price": "about $5.50",
    "sale_price": "",
    "previous_price": "",
    "image_url": "https://assets.shop.loblaws.ca/products/20070018001/b3/en/front/20070018001_front_a06_@2.png",
    "link": "https://www.loblaws.ca/yellow-yams/p/20070018001_KG?source=nspt",
    "brand": "",
    "package_size": "$11.00/1kg",
    "unit_price": "$4.99/1lb",
    "stock": "In stock",
    "points": ""
  },
  {
    "name": "Snow Peas",
    "price": "$3.49",
    "sale_price": "",
    "previous_price": "",
    "image_url": "https://assets.shop.loblaws.ca/products/21023553001/b3/en/front/21023553001_front_a06_@2.png",
    "link": "https://www.loblaws.ca/snow-peas/p/21023553001_EA?source=nspt",
    "brand": "",
    "package_size": "200 g",
    "unit_price": "$1.75/100g",
    "stock": "In stock",
    "points": ""
  },
  {
    "name": "Roma Tomatoes. Half Bushel Case",
    "price": "$14.99",
    "sale_price": "",
    "previous_price": "",
    "image_url": "https://assets.shop.loblaws.ca/products/21104476001/b3/en/front/21104476001_front_a06_@2.png",
    "link": "https://www.loblaws.ca/roma-tomatoes-half-bushel-case/p/21104476001_EA?source=nspt",
    "brand": "",
    "package_size": "1 case",
    "unit_price": "$14.99/1ea",
    "stock": "Out of Stock",
    "points": ""
  },
  {
    "name": "Organic Mushroom Umami Mix",
    "price": "$4.99",
    "sale_price": "",
    "previous_price": "",
    "image_url": "https://assets.shop.loblaws.ca/products/21005517/b3/en/front/21005517_front_a06_@2.png",
    "link": "https://www.loblaws.ca/organic-mushroom-umami-mix/p/21005517_EA?source=nspt",
    "brand": "PC Organics",
    "package_size": "150 g",
    "unit_price": "$3.33/100g",
    "stock": "In stock",
    "points": ""
  },
  {
    "name": "Chayote Squash",
    "price": "$7.69",
    "sale_price": "",
    "previous_price": "",
    "image_url": "https://assets.shop.loblaws.ca/products/20891206001/b3/en/front/20891206001_front_a06_@2.png",
    "link": "https://www.loblaws.ca/chayote-squash/p/20891206001_KG?source=nspt",
    "brand": "",
    "package_size": "",
    "unit_price": "$7.69/1kg",
    "stock": "In stock",
    "points": ""
  },
  {
    "name": "Organic Brussel Sprouts",
    "price": "$9.99",
    "sale_price": "",
    "previous_price": "",
    "image_url": "https://assets.shop.loblaws.ca/products/20668528/b3/en/front/20668528_front_a06_@2.png",
    "link": "https://www.loblaws.ca/organic-brussel-sprouts/p/20668528_EA?source=nspt",
    "brand": "",
    "package_size": "454 g",
    "unit_price": "$2.20/100g",
    "stock": "In stock",
    "points": ""
  },
  {
    "name": "Lemon Grass, 2 Pack",
    "price": "$2.99",
    "sale_price": "",
    "previous_price": "",
    "image_url": "https://assets.shop.loblaws.ca/products/21193203001/b3/en/front/21193203001_front_a06_@2.png",
    "link": "https://www.loblaws.ca/lemon-grass-2-pack/p/21193203001_EA?source=nspt",
    "brand": "",
    "package_size": "104 g",
    "unit_price": "$2.88/100g",
    "stock": "In stock",
    "points": ""
  },
  {
    "name": "Organic Carrots Bunched",
    "price": "$4.99",
    "sale_price": "",
    "previous_price": "",
    "image_url": "https://assets.shop.loblaws.ca/products/20056027001/b3/en/front/20056027001_front_a06_@2.png",
    "link": "https://www.loblaws.ca/organic-carrots-bunched/p/20056027001_EA?source=nspt",
    "brand": "",
    "package_size": "1 bunch",
    "unit_price": "$4.99/1ea",
    "stock": "In stock",
    "points": ""
  },
  {
    "name": "Organic Leeks",
    "price": "$5.99",
    "sale_price": "",
    "previous_price": "",
    "image_url": "https://assets.shop.loblaws.ca/products/20003351001/b3/en/front/20003351001_front_a06_@2.png",
    "link": "https://www.loblaws.ca/organic-leeks/p/20003351001_EA?source=nspt",
    "brand": "",
    "package_size": "1 bunch",
    "unit_price": "$5.99/1ea",
    "stock": "In stock",
    "points": ""
  },
  {
    "name": "Red Leaf Lettuce",
    "price": "$3.99",
    "sale_price": "",
    "previous_price": "",
    "image_url": "https://assets.shop.loblaws.ca/products/20305726001/b3/en/front/20305726001_front_a06_@2.png",
    "link": "https://www.loblaws.ca/red-leaf-lettuce/p/20305726001_EA?source=nspt",
    "brand": "",
    "package_size": "1 ea",
    "unit_price": "$3.99/1ea",
    "stock": "In stock",
    "points": ""
  },
  {
    "name": "Three Cheese Fresh Creamer Potatoes",
    "price": "$4.99",
    "sale_price": "",
    "previous_price": "",
    "image_url": "https://assets.shop.loblaws.ca/products/21095632/b3/en/front/21095632_front_a06_@2.png",
    "link": "https://www.loblaws.ca/three-cheese-fresh-creamer-potatoes/p/21095632_EA?source=nspt",
    "brand": "",
    "package_size": "454 g",
    "unit_price": "$1.10/100g",
    "stock": "Out of Stock",
    "points": ""
  },
  {
    "name": "Sweet Baby Cauliflower",
    "price": "$3.99",
    "sale_price": "",
    "previous_price": "",
    "image_url": "https://assets.shop.loblaws.ca/products/21389568001/b3/en/front/21389568001_front_a06_@2.png",
    "link": "https://www.loblaws.ca/sweet-baby-cauliflower/p/21389568001_EA?source=nspt",
    "brand": "",
    "package_size": "1 bunch",
    "unit_price": "$3.99/1ea",
    "stock": "Out of Stock",
    "points": ""
  },
  {
    "name": "Horseradish",
    "price": "about $6.94",
    "sale_price": "",
    "previous_price": "",
    "image_url": "https://assets.shop.loblaws.ca/products/20099665001/b3/en/front/20099665001_front_a06_@2.png",
    "link": "https://www.loblaws.ca/horseradish/p/20099665001_KG?source=nspt",
    "brand": "",
    "package_size": "$19.82/1kg",
    "unit_price": "$8.99/1lb",
    "stock": "In stock",
    "points": ""
  },
  {
    "name": "Fresh Creamer Potatoes Roasted Garlic, Rosemary & Thyme",
    "price": "$4.99",
    "sale_price": "",
    "previous_price": "",
    "image_url": "https://assets.shop.loblaws.ca/products/21450100/b3/en/front/21450100_front_a06_@2.png",
    "link": "https://www.loblaws.ca/fresh-creamer-potatoes-roasted-garlic-rosemary-thy/p/21450100_EA?source=nspt",
    "brand": "The Little Potato Company",
    "package_size": "454 g",
    "unit_price": "$1.10/100g",
    "stock": "In stock",
    "points": ""
  },
  {
    "name": "Shiitake Mushrooms",
    "price": "$0.77",
    "sale_price": "",
    "previous_price": "",
    "image_url": "https://assets.shop.loblaws.ca/products/20066913001/b3/en/front/20066913001_front_a06_@2.png",
    "link": "https://www.loblaws.ca/shiitake-mushrooms/p/20066913001_KG?source=nspt",
    "brand": "",
    "package_size": "$3.08/100g",
    "unit_price": "$30.84/1kg",
    "stock": "Out of Stock",
    "points": ""
  },
  {
    "name": "Microwave Ready Lemon and Garden Herb Potatoes",
    "price": "$4.99",
    "sale_price": "",
    "previous_price": "",
    "image_url": "https://assets.shop.loblaws.ca/products/21393908/b3/en/front/21393908_front_a06_@2.png",
    "link": "https://www.loblaws.ca/microwave-ready-lemon-and-garden-herb-potatoes/p/21393908_EA?source=nspt",
    "brand": "The Little Potato Company",
    "package_size": "454 g",
    "unit_price": "$1.10/100g",
    "stock": "In stock",
    "points": ""
  },
  {
    "name": "White Mushrooms",
    "price": "about $0.36",
    "sale_price": "",
    "previous_price": "",
    "image_url": "https://assets.shop.loblaws.ca/products/20321225001/b3/en/front/20321225001_front_a06_@2.png",
    "link": "https://www.loblaws.ca/white-mushrooms/p/20321225001_KG?source=nspt",
    "brand": "",
    "package_size": "$1.21/100g",
    "unit_price": "$12.10/1kg",
    "stock": "Out of Stock",
    "points": ""
  },
  {
    "name": "Parsnip",
    "price": "about $1.92",
    "sale_price": "",
    "previous_price": "",
    "image_url": "https://assets.shop.loblaws.ca/products/20084198001/b3/en/front/20084198001_front_a06_@2.png",
    "link": "https://www.loblaws.ca/parsnip/p/20084198001_KG?source=nspt",
    "brand": "",
    "package_size": "$7.69/1kg",
    "unit_price": "$3.49/1lb",
    "stock": "In stock",
    "points": ""
  },
  {
    "name": "Jamaican Thyme",
    "price": "about $2.31",
    "sale_price": "",
    "previous_price": "",
    "image_url": "https://assets.shop.loblaws.ca/products/20866301001/b3/en/front/20866301001_front_a06_@2.png",
    "link": "https://www.loblaws.ca/jamaican-thyme/p/20866301001_KG?source=nspt",
    "brand": "",
    "package_size": "$33.05/1kg",
    "unit_price": "$15.00/1lb",
    "stock": "Out of Stock",
    "points": ""
  },
  {
    "name": "Cremini Mushrooms",
    "price": "about $0.36",
    "sale_price": "",
    "previous_price": "",
    "image_url": "https://assets.shop.loblaws.ca/products/20096584001/b3/en/front/20096584001_front_a06_@2.png",
    "link": "https://www.loblaws.ca/cremini-mushrooms/p/20096584001_KG?source=nspt",
    "brand": "",
    "package_size": "$1.21/100g",
    "unit_price": "$12.10/1kg",
    "stock": "Out of Stock",
    "points": ""
  },
  {
    "name": "Ginger",
    "price": "$4.99",
    "sale_price": "",
    "previous_price": "",
    "image_url": "https://assets.shop.loblaws.ca/products/21102204001/b3/en/front/21102204001_front_a06_@2.png",
    "link": "https://www.loblaws.ca/ginger/p/21102204001_EA?source=nspt",
    "brand": "PC Organics",
    "package_size": "160 g",
    "unit_price": "$3.12/100g",
    "stock": "In stock",
    "points": ""
  },
  {
    "name": "Savoy Cabbage",
    "price": "about $4.28",
    "sale_price": "",
    "previous_price": "",
    "image_url": "https://assets.shop.loblaws.ca/products/21291599001/b3/en/front/21291599001_front_a06_@2.png",
    "link": "https://www.loblaws.ca/savoy-cabbage/p/21291599001_KG?source=nspt",
    "brand": "",
    "package_size": "",
    "unit_price": "$4.39/1kg",
    "stock": "In stock",
    "points": ""
  },
  {
    "name": "Microwave Ready Garlic Parsley Potatoes",
    "price": "$4.99",
    "sale_price": "",
    "previous_price": "",
    "image_url": "https://assets.shop.loblaws.ca/products/21400126/b3/en/front/21400126_front_a06_@2.png",
    "link": "https://www.loblaws.ca/microwave-ready-garlic-parsley-potatoes/p/21400126_EA?source=nspt",
    "brand": "The Little Potato Company",
    "package_size": "454 g",
    "unit_price": "$1.10/100g",
    "stock": "Low Stock",
    "points": ""
  },
  {
    "name": "Radish",
    "price": "$3.99",
    "sale_price": "",
    "previous_price": "",
    "image_url": "https://assets.shop.loblaws.ca/products/20175513001/b3/en/front/20175513001_front_a06_@2.png",
    "link": "https://www.loblaws.ca/radish/p/20175513001_EA?source=nspt",
    "brand": "",
    "package_size": "454 g",
    "unit_price": "$0.88/100g",
    "stock": "In stock",
    "points": ""
  },
  {
    "name": "Organic Spaghetti Squash",
    "price": "about $11.80",
    "sale_price": "",
    "previous_price": "",
    "image_url": "https://assets.shop.loblaws.ca/products/20526871001/b3/en/front/20526871001_front_a06_@2.png",
    "link": "https://www.loblaws.ca/organic-spaghetti-squash/p/20526871001_KG?source=nspt",
    "brand": "",
    "package_size": "$6.59/1kg",
    "unit_price": "$2.99/1lb",
    "stock": "In stock",
    "points": ""
  },
  {
    "name": "Organic Mini Carrots, 1 lb bag",
    "price": "$3.99",
    "sale_price": "",
    "previous_price": "",
    "image_url": "https://assets.shop.loblaws.ca/products/20185409/b3/en/front/20185409_front_a06_@2.png",
    "link": "https://www.loblaws.ca/organic-mini-carrots-1-lb-bag/p/20185409_EA?source=nspt",
    "brand": "PC Organics",
    "package_size": "454 g",
    "unit_price": "$0.88/100g",
    "stock": "In stock",
    "points": ""
  },
  {
    "name": "Caribbean Sweet Potatoes",
    "price": "about $1.57",
    "sale_price": "",
    "previous_price": "",
    "image_url": "https://assets.shop.loblaws.ca/products/20169868001/b3/en/front/20169868001_front_a06_@2.png",
    "link": "https://www.loblaws.ca/caribbean-sweet-potatoes/p/20169868001_KG?source=nspt",
    "brand": "",
    "package_size": "$5.05/1kg",
    "unit_price": "$2.29/1lb",
    "stock": "In stock",
    "points": ""
  },
  {
    "name": "Organic Black Kale",
    "price": "$4.99",
    "sale_price": "",
    "previous_price": "",
    "image_url": "https://assets.shop.loblaws.ca/products/21095249001/b3/en/front/21095249001_front_a06_@2.png",
    "link": "https://www.loblaws.ca/organic-black-kale/p/21095249001_EA?source=nspt",
    "brand": "",
    "package_size": "1 bunch",
    "unit_price": "$1.05/100g",
    "stock": "In stock",
    "points": ""
  },
  {
    "name": "Organic Red Potatoes, 3 lb Bag",
    "price": "$5.99",
    "sale_price": "",
    "previous_price": "",
    "image_url": "https://assets.shop.loblaws.ca/products/20009380/b3/en/front/20009380_front_a06_@2.png",
    "link": "https://www.loblaws.ca/organic-red-potatoes-3-lb-bag/p/20009380_EA?source=nspt",
    "brand": "PC Organics",
    "package_size": "1.36 kg",
    "unit_price": "$0.44/100g",
    "stock": "In stock",
    "points": ""
  },
  {
    "name": "Acorn Squash",
    "price": "about $4.98",
    "sale_price": "",
    "previous_price": "",
    "image_url": "https://assets.shop.loblaws.ca/products/20071263001/b3/en/front/20071263001_front_a06_@2.png",
    "link": "https://www.loblaws.ca/acorn-squash/p/20071263001_KG?source=nspt",
    "brand": "",
    "package_size": "$5.93/1kg",
    "unit_price": "$2.69/1lb",
    "stock": "In stock",
    "points": ""
  },
  {
    "name": "Baby Napa",
    "price": "$6.59",
    "sale_price": "",
    "previous_price": "",
    "image_url": "https://assets.shop.loblaws.ca/products/21024088001/b3/en/front/21024088001_front_a06_@2.png",
    "link": "https://www.loblaws.ca/baby-napa/p/21024088001_KG?source=nspt",
    "brand": "",
    "package_size": "",
    "unit_price": "$6.59/1kg",
    "stock": "In stock",
    "points": ""
  },
  {
    "name": "Rapini",
    "price": "$3.99",
    "sale_price": "",
    "previous_price": "",
    "image_url": "https://assets.shop.loblaws.ca/products/20048070001/b3/en/front/20048070001_front_a06_@2.png",
    "link": "https://www.loblaws.ca/rapini/p/20048070001_EA?source=nspt",
    "brand": "",
    "package_size": "1 bunch",
    "unit_price": "$3.99/1ea",
    "stock": "In stock",
    "points": ""
  },
  {
    "name": "Organic Red Onions, 2 lb bag",
    "price": "$7.99",
    "sale_price": "",
    "previous_price": "",
    "image_url": "https://assets.shop.loblaws.ca/products/21110026001/b3/en/front/21110026001_front_a06_@2.png",
    "link": "https://www.loblaws.ca/organic-red-onions-2-lb-bag/p/21110026001_EA?source=nspt",
    "brand": "",
    "package_size": "907 g",
    "unit_price": "$0.88/100g",
    "stock": "In stock",
    "points": ""
  },
  {
    "name": "Spanish Onion",
    "price": "about $2.17",
    "sale_price": "",
    "previous_price": "",
    "image_url": "https://assets.shop.loblaws.ca/products/20043212001/b3/en/front/20043212001_front_a06_@2.png",
    "link": "https://www.loblaws.ca/spanish-onion/p/20043212001_KG?source=nspt",
    "brand": "",
    "package_size": "$6.59/1kg",
    "unit_price": "$2.99/1lb",
    "stock": "In stock",
    "points": ""
  },
  {
    "name": "Red Beets",
    "price": "about $1.04",
    "sale_price": "",
    "previous_price": "",
    "image_url": "https://assets.shop.loblaws.ca/products/20150181001/b3/en/front/20150181001_front_a06_@2.png",
    "link": "https://www.loblaws.ca/red-beets/p/20150181001_KG?source=nspt",
    "brand": "",
    "package_size": "$5.49/1kg",
    "unit_price": "$2.49/1lb",
    "stock": "In stock",
    "points": ""
  },
  {
    "name": "Fennel",
    "price": "$4.99",
    "sale_price": "",
    "previous_price": "",
    "image_url": "https://assets.shop.loblaws.ca/products/20003346001/b3/en/front/20003346001_front_a06_@2.png",
    "link": "https://www.loblaws.ca/fennel/p/20003346001_EA?source=nspt",
    "brand": "",
    "package_size": "1 ea",
    "unit_price": "$4.99/1ea",
    "stock": "In stock",
    "points": ""
  },
  {
    "name": "Black Trumpet Mushrooms",
    "price": "$1.38",
    "sale_price": "",
    "previous_price": "",
    "image_url": "https://assets.shop.loblaws.ca/products/20760901/b3/en/front/20760901_front_a06_@2.png",
    "link": "https://www.loblaws.ca/black-trumpet-mushrooms/p/20760901_KG?source=nspt",
    "brand": "",
    "package_size": "$5.51/100g",
    "unit_price": "$55.09/1kg",
    "stock": "Out of Stock",
    "points": ""
  },
  {
    "name": "Celery Hearts",
    "price": "$5.99",
    "sale_price": "",
    "previous_price": "",
    "image_url": "https://assets.shop.loblaws.ca/products/20600792001/b3/en/front/20600792001_front_a06_@2.png",
    "link": "https://www.loblaws.ca/celery-hearts/p/20600792001_EA?source=nspt",
    "brand": "PC Organics",
    "package_size": "1 ea",
    "unit_price": "$3.00/1ea",
    "stock": "In stock",
    "points": ""
  },
  {
    "name": "Red Potatoes",
    "price": "about $1.43",
    "sale_price": "",
    "previous_price": "",
    "image_url": "https://assets.shop.loblaws.ca/products/20426724001/b3/en/front/20426724001_front_a06_@2.png",
    "link": "https://www.loblaws.ca/red-potatoes/p/20426724001_KG?source=nspt",
    "brand": "",
    "package_size": "$5.49/1kg",
    "unit_price": "$2.49/1lb",
    "stock": "In stock",
    "points": ""
  },
  {
    "name": "Paradise Crunch Super Sweet Mini Peppers",
    "price": "$5.99",
    "sale_price": "",
    "previous_price": "",
    "image_url": "https://assets.shop.loblaws.ca/products/21534092001/b3/en/front/21534092001_front_a06_@2.png",
    "link": "https://www.loblaws.ca/paradise-crunch-super-sweet-mini-peppers/p/21534092001_EA?source=nspt",
    "brand": "President's Choice",
    "package_size": "450 g",
    "unit_price": "$1.33/100g",
    "stock": "In stock",
    "points": ""
  },
  {
    "name": "Axiany Cherry Tomatoes",
    "price": "$7.99",
    "sale_price": "",
    "previous_price": "",
    "image_url": "https://assets.shop.loblaws.ca/products/21090447001/b3/en/front/21090447001_front_a06_@2.png",
    "link": "https://www.loblaws.ca/axiany-cherry-tomatoes/p/21090447001_EA?source=nspt",
    "brand": "President's Choice",
    "package_size": "681 g",
    "unit_price": "$1.17/100g",
    "stock": "In stock",
    "points": ""
  },
  {
    "name": "Roasting Potato, Onion",
    "price": "$4.99",
    "sale_price": "",
    "previous_price": "",
    "image_url": "https://assets.shop.loblaws.ca/products/21105365/b3/en/front/21105365_front_a06_@2.png",
    "link": "https://www.loblaws.ca/roasting-potato-onion/p/21105365_EA?source=nspt",
    "brand": "",
    "package_size": "454 g",
    "unit_price": "$1.10/100g",
    "stock": "Out of Stock",
    "points": ""
  },
  {
    "name": "Matchstick Carrots",
    "price": "$2.99",
    "sale_price": "",
    "previous_price": "",
    "image_url": "https://assets.shop.loblaws.ca/products/20136399/b3/en/front/20136399_front_a06_@2.png",
    "link": "https://www.loblaws.ca/matchstick-carrots/p/20136399_EA?source=nspt",
    "brand": "",
    "package_size": "283 g",
    "unit_price": "$1.06/100g",
    "stock": "In stock",
    "points": ""
  },
  {
    "name": "Microwave Ready Garlic Parsley Potatoes",
    "price": "$4.99",
    "sale_price": "",
    "previous_price": "",
    "image_url": "https://assets.shop.loblaws.ca/products/20544318/b3/en/front/20544318_front_a06_@2.png",
    "link": "https://www.loblaws.ca/microwave-ready-garlic-parsley-potatoes/p/20544318_EA?source=nspt",
    "brand": "",
    "package_size": "454 g",
    "unit_price": "$1.10/100g",
    "stock": "Out of Stock",
    "points": ""
  },
  {
    "name": "Peppers, Mini",
    "price": "$5.99",
    "sale_price": "",
    "previous_price": "",
    "image_url": "https://assets.shop.loblaws.ca/products/20889400001/b3/en/front/20889400001_front_a06_@2.png",
    "link": "https://www.loblaws.ca/peppers-mini/p/20889400001_EA?source=nspt",
    "brand": "",
    "package_size": "454 g",
    "unit_price": "$1.32/100g",
    "stock": "In stock",
    "points": ""
  },
  {
    "name": "Poblano Hot Peppers",
    "price": "$4.99",
    "sale_price": "",
    "previous_price": "",
    "image_url": "https://assets.shop.loblaws.ca/products/21454747001/b3/en/front/21454747001_front_a06_@2.png",
    "link": "https://www.loblaws.ca/poblano-hot-peppers/p/21454747001_EA?source=nspt",
    "brand": "President's Choice",
    "package_size": "226 g",
    "unit_price": "$2.21/100g",
    "stock": "Out of Stock",
    "points": ""
  },
  {
    "name": "Organics Whole Shitake Mushrooms",
    "price": "$4.99",
    "sale_price": "",
    "previous_price": "",
    "image_url": "https://assets.shop.loblaws.ca/products/20626629/b3/en/front/20626629_front_a06_@2.png",
    "link": "https://www.loblaws.ca/organics-whole-shitake-mushrooms/p/20626629_EA?source=nspt",
    "brand": "PC Organics",
    "package_size": "100 g",
    "unit_price": "$4.99/100g",
    "stock": "In stock",
    "points": ""
  },
  {
    "name": "Dried Porcini Mushrooms    ",
    "price": "$5.99",
    "sale_price": "",
    "previous_price": "",
    "image_url": "https://assets.shop.loblaws.ca/products/20064292/b3/en/front/20064292_front_a06_@2.png",
    "link": "https://www.loblaws.ca/dried-porcini-mushrooms/p/20064292_EA?source=nspt",
    "brand": "",
    "package_size": "14 g",
    "unit_price": "$42.79/100g",
    "stock": "In stock",
    "points": ""
  },
  {
    "name": "Fingerling Potatoes",
    "price": "$4.99",
    "sale_price": "",
    "previous_price": "",
    "image_url": "https://assets.shop.loblaws.ca/products/21244987001/b3/en/front/21244987001_front_a06_@2.png",
    "link": "https://www.loblaws.ca/fingerling-potatoes/p/21244987001_EA?source=nspt",
    "brand": "President's Choice",
    "package_size": "680 g",
    "unit_price": "$0.73/100g",
    "stock": "In stock",
    "points": ""
  },
  {
    "name": "Organic Iceberg Lettuce",
    "price": "$4.99",
    "sale_price": "",
    "previous_price": "",
    "image_url": "https://assets.shop.loblaws.ca/products/20619353001/b3/en/front/20619353001_front_a06_@2.png",
    "link": "https://www.loblaws.ca/organic-iceberg-lettuce/p/20619353001_EA?source=nspt",
    "brand": "",
    "package_size": "1 ea",
    "unit_price": "$4.99/1ea",
    "stock": "In stock",
    "points": ""
  },
  {
    "name": "Kale",
    "price": "$3.99",
    "sale_price": "",
    "previous_price": "",
    "image_url": "https://assets.shop.loblaws.ca/products/20138805001/b3/en/front/20138805001_front_a06_@2.png",
    "link": "https://www.loblaws.ca/kale/p/20138805001_EA?source=nspt",
    "brand": "",
    "package_size": "1 bunch",
    "unit_price": "$3.99/1ea",
    "stock": "In stock",
    "points": ""
  },
  {
    "name": "Shanghai Bok Choy",
    "price": "about $4.22",
    "sale_price": "",
    "previous_price": "",
    "image_url": "https://assets.shop.loblaws.ca/products/20032454001/b3/en/front/20032454001_front_a06_@2.png",
    "link": "https://www.loblaws.ca/shanghai-bok-choy/p/20032454001_KG?source=nspt",
    "brand": "",
    "package_size": "$6.59/1kg",
    "unit_price": "$2.99/1lb",
    "stock": "In stock",
    "points": ""
  },
  {
    "name": "Fresh Hedgehog Mushrooms",
    "price": "$8.99",
    "sale_price": "",
    "previous_price": "",
    "image_url": "",
    "link": "https://www.loblaws.ca/fresh-hedgehog-mushrooms/p/20871401_EA?source=nspt",
    "brand": "",
    "package_size": "100 g",
    "unit_price": "$8.99/100g",
    "stock": "In stock",
    "points": ""
  },
  {
    "name": "Organic Rainbow Swiss Chard",
    "price": "$4.99",
    "sale_price": "",
    "previous_price": "",
    "image_url": "https://assets.shop.loblaws.ca/products/20566347001/b3/en/front/20566347001_front_a06_@2.png",
    "link": "https://www.loblaws.ca/organic-rainbow-swiss-chard/p/20566347001_EA?source=nspt",
    "brand": "",
    "package_size": "1 ea",
    "unit_price": "$4.99/1ea",
    "stock": "In stock",
    "points": ""
  },
  {
    "name": "Chanterelle Mushrooms",
    "price": "$1.38",
    "sale_price": "",
    "previous_price": "",
    "image_url": "https://assets.shop.loblaws.ca/products/20760993/b3/en/front/20760993_front_a06_@2.png",
    "link": "https://www.loblaws.ca/chanterelle-mushrooms/p/20760993_KG?source=nspt",
    "brand": "",
    "package_size": "$5.51/100g",
    "unit_price": "$55.09/1kg",
    "stock": "Out of Stock",
    "points": ""
  },
  {
    "name": "Bean Sprouts",
    "price": "$1.99",
    "sale_price": "",
    "previous_price": "",
    "image_url": "https://assets.shop.loblaws.ca/products/20058232001/b3/en/front/20058232001_front_a06_@2.png",
    "link": "https://www.loblaws.ca/bean-sprouts/p/20058232001_EA?source=nspt",
    "brand": "",
    "package_size": "454 g",
    "unit_price": "$0.44/100g",
    "stock": "In stock",
    "points": ""
  },
  {
    "name": "Snow Peas",
    "price": "$5.49",
    "sale_price": "",
    "previous_price": "",
    "image_url": "https://assets.shop.loblaws.ca/products/20712967/b3/en/front/20712967_front_a06_@2.png",
    "link": "https://www.loblaws.ca/snow-peas/p/20712967_EA?source=nspt",
    "brand": "Manns",
    "package_size": "170 g",
    "unit_price": "$3.23/100g",
    "stock": "In stock",
    "points": ""
  },
  {
    "name": "Yellow Hot Hot Peppers",
    "price": "$4.99",
    "sale_price": "",
    "previous_price": "",
    "image_url": "https://assets.shop.loblaws.ca/products/21454589001/b3/en/front/21454589001_front_a06_@2.png",
    "link": "https://www.loblaws.ca/yellow-hot-hot-peppers/p/21454589001_EA?source=nspt",
    "brand": "President's Choice",
    "package_size": "226 g",
    "unit_price": "$2.21/100g",
    "stock": "In stock",
    "points": ""
  },
  {
    "name": "Snap Peas",
    "price": "$3.49",
    "sale_price": "",
    "previous_price": "",
    "image_url": "https://assets.shop.loblaws.ca/products/21023581001/b3/en/front/21023581001_front_a06_@2.png",
    "link": "https://www.loblaws.ca/snap-peas/p/21023581001_EA?source=nspt",
    "brand": "",
    "package_size": "200 g",
    "unit_price": "$1.75/100g",
    "stock": "In stock",
    "points": ""
  },
  {
    "name": "Organic Enoki Mushrooms",
    "price": "$4.49",
    "sale_price": "",
    "previous_price": "",
    "image_url": "https://assets.shop.loblaws.ca/products/21005376/b3/en/front/21005376_front_a06_@2.png",
    "link": "https://www.loblaws.ca/organic-enoki-mushrooms/p/21005376_EA?source=nspt",
    "brand": "PC Organics",
    "package_size": "150 g",
    "unit_price": "$2.99/100g",
    "stock": "In stock",
    "points": ""
  },
  {
    "name": "Yellow Hot Hot Peppers",
    "price": "$4.99",
    "sale_price": "",
    "previous_price": "",
    "image_url": "https://assets.shop.loblaws.ca/products/21454589001/b3/en/front/21454589001_front_a06_@2.png",
    "link": "https://www.loblaws.ca/yellow-hot-hot-peppers/p/21454589001_EA?source=nspt",
    "brand": "President's Choice",
    "package_size": "226 g",
    "unit_price": "$2.21/100g",
    "stock": "In stock",
    "points": ""
  },
  {
    "name": "Snap Peas",
    "price": "$6.99",
    "sale_price": "",
    "previous_price": "",
    "image_url": "https://assets.shop.loblaws.ca/products/20645558/b3/en/front/20645558_front_a06_@2.png",
    "link": "https://www.loblaws.ca/snap-peas/p/20645558_EA?source=nspt",
    "brand": "Manns",
    "package_size": "425 g",
    "unit_price": "$1.64/100g",
    "stock": "In stock",
    "points": ""
  },
  {
    "name": "Broccoli",
    "price": "$5.99",
    "sale_price": "",
    "previous_price": "",
    "image_url": "https://assets.shop.loblaws.ca/products/20149635001/b3/en/front/20149635001_front_a06_@2.png",
    "link": "https://www.loblaws.ca/broccoli/p/20149635001_EA?source=nspt",
    "brand": "PC Organics",
    "package_size": "1 ea",
    "unit_price": "$5.99/1ea",
    "stock": "In stock",
    "points": ""
  },
  {
    "name": "Organic Green Kale",
    "price": "$4.99",
    "sale_price": "",
    "previous_price": "",
    "image_url": "https://assets.shop.loblaws.ca/products/21165282001/b3/en/front/21165282001_front_a06_@2.png",
    "link": "https://www.loblaws.ca/organic-green-kale/p/21165282001_EA?source=nspt",
    "brand": "",
    "package_size": "1 bunch",
    "unit_price": "$4.99/1ea",
    "stock": "In stock",
    "points": ""
  },
  {
    "name": "Naturally Imperfect Green Peppers 2.5lb Bag",
    "price": "$6.99",
    "sale_price": "",
    "previous_price": "",
    "image_url": "https://assets.shop.loblaws.ca/products/20969990001/b3/en/front/20969990001_front_a06_@2.png",
    "link": "https://www.loblaws.ca/naturally-imperfect-green-peppers-2-5lb-bag/p/20969990001_EA?source=nspt",
    "brand": "No Name",
    "package_size": "1130 g",
    "unit_price": "$6.99/1ea",
    "stock": "In stock",
    "points": ""
  },
  {
    "name": "Baking Russet Potato",
    "price": "about $2.36",
    "sale_price": "",
    "previous_price": "",
    "image_url": "https://assets.shop.loblaws.ca/products/20025548001/b3/en/front/20025548001_front_a06_@2.png",
    "link": "https://www.loblaws.ca/baking-russet-potato/p/20025548001_KG?source=nspt",
    "brand": "",
    "package_size": "$5.49/1kg",
    "unit_price": "$2.49/1lb",
    "stock": "In stock",
    "points": ""
  },
  {
    "name": "Microwave Ready Savoury Herb Potatoes",
    "price": "$4.99",
    "sale_price": "",
    "previous_price": "",
    "image_url": "https://assets.shop.loblaws.ca/products/21391602/b3/en/front/21391602_front_a06_@2.png",
    "link": "https://www.loblaws.ca/microwave-ready-savoury-herb-potatoes/p/21391602_EA?source=nspt",
    "brand": "The Little Potato Company",
    "package_size": "454 g",
    "unit_price": "$1.10/100g",
    "stock": "In stock",
    "points": ""
  },
  {
    "name": "Lions Mane Mushroom",
    "price": "$8.99",
    "sale_price": "",
    "previous_price": "",
    "image_url": "https://assets.shop.loblaws.ca/products/21518642/b3/en/front/21518642_front_a06_@2.png",
    "link": "https://www.loblaws.ca/lions-mane-mushroom/p/21518642_EA?source=nspt",
    "brand": "",
    "package_size": "200 g",
    "unit_price": "$4.50/100g",
    "stock": "In stock",
    "points": ""
  },
  {
    "name": "Celery Root",
    "price": "about $5.00",
    "sale_price": "",
    "previous_price": "",
    "image_url": "https://assets.shop.loblaws.ca/products/20038258001/b3/en/front/20038258001_front_a06_@2.png",
    "link": "https://www.loblaws.ca/celery-root/p/20038258001_KG?source=nspt",
    "brand": "",
    "package_size": "$6.59/1kg",
    "unit_price": "$2.99/1lb",
    "stock": "In stock",
    "points": ""
  },
  {
    "name": "Chinese Bitter Melon",
    "price": "about $2.66",
    "sale_price": "",
    "previous_price": "",
    "image_url": "https://assets.shop.loblaws.ca/products/20686129001/b3/en/front/20686129001_front_a06_@2.png",
    "link": "https://www.loblaws.ca/chinese-bitter-melon/p/20686129001_KG?source=nspt",
    "brand": "",
    "package_size": "$12.10/1kg",
    "unit_price": "$5.49/1lb",
    "stock": "In stock",
    "points": ""
  },
  {
    "name": "Roasting Potato, BBQ",
    "price": "$4.99",
    "sale_price": "",
    "previous_price": "",
    "image_url": "https://assets.shop.loblaws.ca/products/21105380/b3/en/front/21105380_front_a06_@2.png",
    "link": "https://www.loblaws.ca/roasting-potato-bbq/p/21105380_EA?source=nspt",
    "brand": "",
    "package_size": "454 g",
    "unit_price": "$1.10/100g",
    "stock": "Out of Stock",
    "points": ""
  },
  {
    "name": "Yellow Onion",
    "price": "about $1.66",
    "sale_price": "",
    "previous_price": "",
    "image_url": "https://assets.shop.loblaws.ca/products/20168304001/b3/en/front/20168304001_front_a06_@2.png",
    "link": "https://www.loblaws.ca/yellow-onion/p/20168304001_KG?source=nspt",
    "brand": "",
    "package_size": "$5.93/1kg",
    "unit_price": "$2.69/1lb",
    "stock": "In stock",
    "points": ""
  },
  {
    "name": "Organic Carrots, 2 lb Bag",
    "price": "$4.99",
    "sale_price": "",
    "previous_price": "",
    "image_url": "https://assets.shop.loblaws.ca/products/20053421/b3/en/front/20053421_front_a06_@2.png",
    "link": "https://www.loblaws.ca/organic-carrots-2-lb-bag/p/20053421_EA?source=nspt",
    "brand": "PC Organics",
    "package_size": "907 g",
    "unit_price": "$0.55/100g",
    "stock": "In stock",
    "points": ""
  },
  {
    "name": "Yellow Mini Potatoes",
    "price": "$4.99",
    "sale_price": "",
    "previous_price": "",
    "image_url": "https://assets.shop.loblaws.ca/products/21247300001/b3/en/front/21247300001_front_a06_@2.png",
    "link": "https://www.loblaws.ca/yellow-mini-potatoes/p/21247300001_EA?source=nspt",
    "brand": "President's Choice",
    "package_size": "0.68 kg",
    "unit_price": "$0.73/100g",
    "stock": "In stock",
    "points": ""
  },
  {
    "name": "Vine Cherry Tomatoes",
    "price": "$6.99",
    "sale_price": "",
    "previous_price": "",
    "image_url": "https://assets.shop.loblaws.ca/products/21046464001/b3/en/front/21046464001_front_a06_@2.png",
    "link": "https://www.loblaws.ca/vine-cherry-tomatoes/p/21046464001_EA?source=nspt",
    "brand": "",
    "package_size": "255 g",
    "unit_price": "$2.74/100g",
    "stock": "In stock",
    "points": ""
  },
  {
    "name": "Organic Fennel",
    "price": "$6.99",
    "sale_price": "",
    "previous_price": "",
    "image_url": "https://assets.shop.loblaws.ca/products/20305652001/b3/en/front/20305652001_front_a06_@2.png",
    "link": "https://www.loblaws.ca/organic-fennel/p/20305652001_EA?source=nspt",
    "brand": "",
    "package_size": "1 ea",
    "unit_price": "$6.99/1ea",
    "stock": "Out of Stock",
    "points": ""
  },
  {
    "name": "White Potatoes",
    "price": "about $2.37",
    "sale_price": "",
    "previous_price": "",
    "image_url": "https://assets.shop.loblaws.ca/products/20025066001/b3/en/front/20025066001_front_a06_@2.png",
    "link": "https://www.loblaws.ca/white-potatoes/p/20025066001_KG?source=nspt",
    "brand": "",
    "package_size": "$6.59/1kg",
    "unit_price": "$2.99/1lb",
    "stock": "In stock",
    "points": ""
  },
  {
    "name": "Organics Whole White Mushrooms",
    "price": "$8.99",
    "sale_price": "",
    "previous_price": "",
    "image_url": "https://assets.shop.loblaws.ca/products/21166443001/b3/en/front/21166443001_front_a06_@2.png",
    "link": "https://www.loblaws.ca/organics-whole-white-mushrooms/p/21166443001_EA?source=nspt",
    "brand": "PC Organics",
    "package_size": "680 g",
    "unit_price": "$1.32/100g",
    "stock": "In stock",
    "points": ""
  },
  {
    "name": "Sliced and Whole Bistro Blend Mushrooms",
    "price": "$6.99",
    "sale_price": "",
    "previous_price": "",
    "image_url": "https://assets.shop.loblaws.ca/products/21005198/b3/en/front/21005198_front_a06_@2.png",
    "link": "https://www.loblaws.ca/sliced-and-whole-bistro-blend-mushrooms/p/21005198_EA?source=nspt",
    "brand": "PC Organics",
    "package_size": "200 g",
    "unit_price": "$3.50/100g",
    "stock": "In stock",
    "points": ""
  },
  {
    "name": "Garlic Bulbs",
    "price": "$6.99",
    "sale_price": "",
    "previous_price": "",
    "image_url": "https://assets.shop.loblaws.ca/products/21238843001/b3/en/front/21238843001_front_a06_@2.png",
    "link": "https://www.loblaws.ca/garlic-bulbs/p/21238843001_EA?source=nspt",
    "brand": "",
    "package_size": "1 kg",
    "unit_price": "$0.70/100g",
    "stock": "Low Stock",
    "points": ""
  },
  {
    "name": "Mixed Dried Mushrooms",
    "price": "$5.99",
    "sale_price": "",
    "previous_price": "",
    "image_url": "https://assets.shop.loblaws.ca/products/20055688/b3/en/front/20055688_front_a06_@2.png",
    "link": "https://www.loblaws.ca/mixed-dried-mushrooms/p/20055688_EA?source=nspt",
    "brand": "",
    "package_size": "14 g",
    "unit_price": "$42.79/100g",
    "stock": "In stock",
    "points": ""
  },
  {
    "name": "Green Beans",
    "price": "$5.49",
    "sale_price": "",
    "previous_price": "",
    "image_url": "https://assets.shop.loblaws.ca/products/21108053001/b3/en/front/21108053001_front_a06_@2.png",
    "link": "https://www.loblaws.ca/green-beans/p/21108053001_EA?source=nspt",
    "brand": "",
    "package_size": "380 g",
    "unit_price": "$1.44/100g",
    "stock": "In stock",
    "points": ""
  },
  {
    "name": "Dandelion Greens",
    "price": "$3.99",
    "sale_price": "",
    "previous_price": "",
    "image_url": "https://assets.shop.loblaws.ca/products/20168298001/b3/en/front/20168298001_front_a06_@2.png",
    "link": "https://www.loblaws.ca/dandelion-greens/p/20168298001_EA?source=nspt",
    "brand": "",
    "package_size": "1 bunch",
    "unit_price": "$3.99/1ea",
    "stock": "In stock",
    "points": ""
  },
  {
    "name": "White Mushrooms",
    "price": "",
    "sale_price": "$3.00 MIN 2",
    "previous_price": "",
    "image_url": "https://assets.shop.loblaws.ca/products/21021499/b3/en/front/21021499_front_a06_@2.png",
    "link": "https://www.loblaws.ca/white-mushrooms/p/21021499_EA?source=nspt",
    "brand": "PC Organics",
    "package_size": "227 g",
    "unit_price": "$1.54/100g",
    "stock": "In stock",
    "points": ""
  },
  {
    "name": "Tomato Sugar Bomb",
    "price": "$6.99",
    "sale_price": "",
    "previous_price": "",
    "image_url": "https://assets.shop.loblaws.ca/products/21182393001/b3/en/front/21182393001_front_a06_@2.png",
    "link": "https://www.loblaws.ca/tomato-sugar-bomb/p/21182393001_EA?source=nspt",
    "brand": "",
    "package_size": "341 g",
    "unit_price": "$2.05/100g",
    "stock": "In stock",
    "points": ""
  },
  {
    "name": "Morel Mushrooms",
    "price": "$1.65",
    "sale_price": "",
    "previous_price": "",
    "image_url": "https://assets.shop.loblaws.ca/products/20760816/b3/en/front/20760816_front_a06_@2.png",
    "link": "https://www.loblaws.ca/morel-mushrooms/p/20760816_KG?source=nspt",
    "brand": "",
    "package_size": "$6.61/100g",
    "unit_price": "$66.12/1kg",
    "stock": "Out of Stock",
    "points": ""
  },
  {
    "name": "Parsnips, 1 lb Bag",
    "price": "$4.99",
    "sale_price": "",
    "previous_price": "",
    "image_url": "https://assets.shop.loblaws.ca/products/20081596/b3/en/front/20081596_front_a06_@2.png",
    "link": "https://www.loblaws.ca/parsnips-1-lb-bag/p/20081596_EA?source=nspt",
    "brand": "",
    "package_size": "1 lb bag",
    "unit_price": "$1.10/100g",
    "stock": "In stock",
    "points": ""
  },
  {
    "name": "Mixiany Cherry Tomatoes",
    "price": "",
    "sale_price": "$7.49",
    "previous_price": "$7.99",
    "image_url": "https://assets.shop.loblaws.ca/products/21285888001/b3/en/front/21285888001_front_a06_@2.png",
    "link": "https://www.loblaws.ca/mixiany-cherry-tomatoes/p/21285888001_EA?source=nspt",
    "brand": "President's Choice",
    "package_size": "680 g",
    "unit_price": "$1.10/100g",
    "stock": "In stock",
    "points": ""
  },
  {
    "name": "Organic Button White Mushrooms",
    "price": "$3.99",
    "sale_price": "",
    "previous_price": "",
    "image_url": "https://assets.shop.loblaws.ca/products/21005170/b3/en/front/21005170_front_a06_@2.png",
    "link": "https://www.loblaws.ca/organic-button-white-mushrooms/p/21005170_EA?source=nspt",
    "brand": "PC Organics",
    "package_size": "227 g",
    "unit_price": "$1.76/100g",
    "stock": "In stock",
    "points": ""
  },
  {
    "name": "Shishito Peppers",
    "price": "$4.99",
    "sale_price": "",
    "previous_price": "",
    "image_url": "https://assets.shop.loblaws.ca/products/21111986001/b3/en/front/21111986001_front_a06_@2.png",
    "link": "https://www.loblaws.ca/shishito-peppers/p/21111986001_EA?source=nspt",
    "brand": "",
    "package_size": "227 g",
    "unit_price": "$2.20/100g",
    "stock": "In stock",
    "points": ""
  },
  {
    "name": "Long Eggplants (1Pack)",
    "price": "about $14.36",
    "sale_price": "",
    "previous_price": "",
    "image_url": "https://assets.shop.loblaws.ca/products/20686417001/b3/en/front/20686417001_front_a06_@2.png",
    "link": "https://www.loblaws.ca/long-eggplants-1pack/p/20686417001_KG?source=nspt",
    "brand": "",
    "package_size": "$9.90/1kg",
    "unit_price": "$4.49/1lb",
    "stock": "In stock",
    "points": ""
  },
  {
    "name": "Sweet Potatoes, 5 lb bag",
    "price": "$6.99",
    "sale_price": "",
    "previous_price": "",
    "image_url": "https://assets.shop.loblaws.ca/products/20697331001/b3/en/front/20697331001_front_a06_@2.png",
    "link": "https://www.loblaws.ca/sweet-potatoes-5-lb-bag/p/20697331001_EA?source=nspt",
    "brand": "Farmer's Market",
    "package_size": "2.27 kg",
    "unit_price": "$0.31/100g",
    "stock": "In stock",
    "points": ""
  },
  {
    "name": "Scotch Bonnet Hot Peppers",
    "price": "$4.99",
    "sale_price": "",
    "previous_price": "",
    "image_url": "https://assets.shop.loblaws.ca/products/21454569001/b3/en/front/21454569001_front_a06_@2.png",
    "link": "https://www.loblaws.ca/scotch-bonnet-hot-peppers/p/21454569001_EA?source=nspt",
    "brand": "President's Choice",
    "package_size": "113 g",
    "unit_price": "$4.42/100g",
    "stock": "In stock",
    "points": ""
  },
  {
    "name": "Buttercup Squash",
    "price": "about $9.05",
    "sale_price": "",
    "previous_price": "",
    "image_url": "https://assets.shop.loblaws.ca/products/20317208001/b3/en/front/20317208001_front_a06_@2.png",
    "link": "https://www.loblaws.ca/buttercup-squash/p/20317208001_KG?source=nspt",
    "brand": "",
    "package_size": "$5.93/1kg",
    "unit_price": "$2.69/1lb",
    "stock": "In stock",
    "points": ""
  },
  {
    "name": "Okra (1 pack)",
    "price": "about $5.55",
    "sale_price": "",
    "previous_price": "",
    "image_url": "https://assets.shop.loblaws.ca/products/20686141001/b3/en/front/20686141001_front_a06_@2.png",
    "link": "https://www.loblaws.ca/okra-1-pack/p/20686141001_KG?source=nspt",
    "brand": "",
    "package_size": "$13.21/1kg",
    "unit_price": "$5.99/1lb",
    "stock": "Low Stock",
    "points": ""
  },
  {
    "name": "Yellow Potatoes, 5 lb Bag",
    "price": "$5.99",
    "sale_price": "",
    "previous_price": "",
    "image_url": "https://assets.shop.loblaws.ca/products/20601014001/b3/en/front/20601014001_front_a06_@2.png",
    "link": "https://www.loblaws.ca/yellow-potatoes-5-lb-bag/p/20601014001_EA?source=nspt",
    "brand": "President's Choice",
    "package_size": "2.268 kg",
    "unit_price": "$0.26/100g",
    "stock": "In stock",
    "points": ""
  },
  {
    "name": "Lettuce Little Gem",
    "price": "$5.99",
    "sale_price": "",
    "previous_price": "",
    "image_url": "https://assets.shop.loblaws.ca/products/21472729001/b3/en/front/21472729001_front_a06_@2.png",
    "link": "https://www.loblaws.ca/lettuce-little-gem/p/21472729001_EA?source=nspt",
    "brand": "",
    "package_size": "1 ea",
    "unit_price": "$5.99/1ea",
    "stock": "Low Stock",
    "points": ""
  },
  {
    "name": "Potato Baking Tray",
    "price": "$4.99",
    "sale_price": "",
    "previous_price": "",
    "image_url": "https://assets.shop.loblaws.ca/products/21035898001/b3/en/front/21035898001_front_a06_@2.png",
    "link": "https://www.loblaws.ca/potato-baking-tray/p/21035898001_EA?source=nspt",
    "brand": "",
    "package_size": "1 ea",
    "unit_price": "$4.99/1ea",
    "stock": "In stock",
    "points": ""
  },
  {
    "name": "Organic Swiss Chard Greens",
    "price": "$4.99",
    "sale_price": "",
    "previous_price": "",
    "image_url": "https://assets.shop.loblaws.ca/products/21095256001/b3/en/front/21095256001_front_a06_@2.png",
    "link": "https://www.loblaws.ca/organic-swiss-chard-greens/p/21095256001_EA?source=nspt",
    "brand": "",
    "package_size": "1 bunch",
    "unit_price": "$1.02/100g",
    "stock": "In stock",
    "points": ""
  },
  {
    "name": "Mini Cucumbers",
    "price": "$8.99",
    "sale_price": "",
    "previous_price": "",
    "image_url": "https://assets.shop.loblaws.ca/products/21179714001/b3/en/front/21179714001_front_a06_@2.png",
    "link": "https://www.loblaws.ca/mini-cucumbers/p/21179714001_EA?source=nspt",
    "brand": "President's Choice",
    "package_size": "681 g",
    "unit_price": "$1.32/100g",
    "stock": "In stock",
    "points": ""
  },
  {
    "name": "Hedgehog Mushrooms",
    "price": "$1.38",
    "sale_price": "",
    "previous_price": "",
    "image_url": "https://assets.shop.loblaws.ca/products/20760904/b3/en/front/20760904_front_a06_@2.png",
    "link": "https://www.loblaws.ca/hedgehog-mushrooms/p/20760904_KG?source=nspt",
    "brand": "",
    "package_size": "$5.51/100g",
    "unit_price": "$55.09/1kg",
    "stock": "Out of Stock",
    "points": ""
  },
  {
    "name": "Yellow Beans",
    "price": "$5.49",
    "sale_price": "",
    "previous_price": "",
    "image_url": "https://assets.shop.loblaws.ca/products/21108038001/b3/en/front/21108038001_front_a06_@2.png",
    "link": "https://www.loblaws.ca/yellow-beans/p/21108038001_EA?source=nspt",
    "brand": "",
    "package_size": "250 g",
    "unit_price": "$2.20/100g",
    "stock": "In stock",
    "points": ""
  },
  {
    "name": "Vero Tomato",
    "price": "$6.99",
    "sale_price": "",
    "previous_price": "",
    "image_url": "https://assets.shop.loblaws.ca/products/21068372001/b3/en/front/21068372001_front_a06_@2.png",
    "link": "https://www.loblaws.ca/vero-tomato/p/21068372001_EA?source=nspt",
    "brand": "",
    "package_size": "680 g",
    "unit_price": "$1.03/100g",
    "stock": "In stock",
    "points": ""
  },
  {
    "name": "Ruby Little Gems Potatoes",
    "price": "$4.99",
    "sale_price": "",
    "previous_price": "",
    "image_url": "https://assets.shop.loblaws.ca/products/21247299001/b3/en/front/21247299001_front_a06_@2.png",
    "link": "https://www.loblaws.ca/ruby-little-gems-potatoes/p/21247299001_EA?source=nspt",
    "brand": "President's Choice",
    "package_size": "0.68 kg",
    "unit_price": "$0.73/100g",
    "stock": "In stock",
    "points": ""
  },
  {
    "name": "Jalapeno Hot Peppers",
    "price": "$4.99",
    "sale_price": "",
    "previous_price": "",
    "image_url": "https://assets.shop.loblaws.ca/products/21454762001/b3/en/front/21454762001_front_a06_@2.png",
    "link": "https://www.loblaws.ca/jalapeno-hot-peppers/p/21454762001_EA?source=nspt",
    "brand": "President's Choice",
    "package_size": "226 g",
    "unit_price": "$2.21/100g",
    "stock": "In stock",
    "points": ""
  },
  {
    "name": "Heirloom Tomatoes",
    "price": "about $2.42",
    "sale_price": "",
    "previous_price": "",
    "image_url": "https://assets.shop.loblaws.ca/products/20154799001/b3/en/front/20154799001_front_a06_@2.png",
    "link": "https://www.loblaws.ca/heirloom-tomatoes/p/20154799001_KG?source=nspt",
    "brand": "",
    "package_size": "$8.80/1kg",
    "unit_price": "$3.99/1lb",
    "stock": "In stock",
    "points": ""
  },
  {
    "name": "Fresh Creamer Potatoes Smoked Salt",
    "price": "$4.99",
    "sale_price": "",
    "previous_price": "",
    "image_url": "https://assets.shop.loblaws.ca/products/21432298/b3/en/front/21432298_front_a06_@2.png",
    "link": "https://www.loblaws.ca/fresh-creamer-potatoes-smoked-salt/p/21432298_EA?source=nspt",
    "brand": "The Little Potato Company",
    "package_size": "454 g",
    "unit_price": "$1.10/100g",
    "stock": "In stock",
    "points": ""
  },
  {
    "name": "Fresh Creamer Potatoes Smoked Salt",
    "price": "$4.99",
    "sale_price": "",
    "previous_price": "",
    "image_url": "https://assets.shop.loblaws.ca/products/21432298/b3/en/front/21432298_front_a06_@2.png",
    "link": "https://www.loblaws.ca/fresh-creamer-potatoes-smoked-salt/p/21432298_EA?source=nspt",
    "brand": "The Little Potato Company",
    "package_size": "454 g",
    "unit_price": "$1.10/100g",
    "stock": "In stock",
    "points": ""
  },
  {
    "name": "Heirloom Tomatoes",
    "price": "about $2.42",
    "sale_price": "",
    "previous_price": "",
    "image_url": "https://assets.shop.loblaws.ca/products/20154799001/b3/en/front/20154799001_front_a06_@2.png",
    "link": "https://www.loblaws.ca/heirloom-tomatoes/p/20154799001_KG?source=nspt",
    "brand": "",
    "package_size": "$8.80/1kg",
    "unit_price": "$3.99/1lb",
    "stock": "In stock",
    "points": ""
  },
  {
    "name": "Cauliflower, Baby",
    "price": "$7.99",
    "sale_price": "",
    "previous_price": "",
    "image_url": "https://assets.shop.loblaws.ca/products/20632218/b3/en/front/20632218_front_a06_@2.png",
    "link": "https://www.loblaws.ca/cauliflower-baby/p/20632218_EA?source=nspt",
    "brand": "",
    "package_size": "1 ea",
    "unit_price": "$7.99/1ea",
    "stock": "Out of Stock",
    "points": ""
  },
  {
    "name": "Green Swiss Chard",
    "price": "$4.99",
    "sale_price": "",
    "previous_price": "",
    "image_url": "https://assets.shop.loblaws.ca/products/20276364001/b3/en/front/20276364001_front_a06_@2.png",
    "link": "https://www.loblaws.ca/green-swiss-chard/p/20276364001_EA?source=nspt",
    "brand": "",
    "package_size": "1 bunch",
    "unit_price": "$4.99/1ea",
    "stock": "In stock",
    "points": ""
  },
  {
    "name": "Eddoes",
    "price": "about $0.89",
    "sale_price": "",
    "previous_price": "",
    "image_url": "https://assets.shop.loblaws.ca/products/20126133001/b3/en/front/20126133001_front_a06_@2.png",
    "link": "https://www.loblaws.ca/eddoes/p/20126133001_KG?source=nspt",
    "brand": "",
    "package_size": "$5.93/1kg",
    "unit_price": "$2.69/1lb",
    "stock": "In stock",
    "points": ""
  },
  {
    "name": "Chanterelle Mushroom",
    "price": "$9.99",
    "sale_price": "",
    "previous_price": "",
    "image_url": "https://assets.shop.loblaws.ca/products/20164061/b3/en/front/20164061_front_a06_@2.png",
    "link": "https://www.loblaws.ca/chanterelle-mushroom/p/20164061_EA?source=nspt",
    "brand": "",
    "package_size": "100 g",
    "unit_price": "$9.99/100g",
    "stock": "Out of Stock",
    "points": ""
  },
  {
    "name": "Mushroom White, Sliced",
    "price": "$3.69",
    "sale_price": "",
    "previous_price": "",
    "image_url": "https://assets.shop.loblaws.ca/products/21021587/b3/en/front/21021587_front_a06_@2.png",
    "link": "https://www.loblaws.ca/mushroom-white-sliced/p/21021587_EA?source=nspt",
    "brand": "PC Organics",
    "package_size": "227 g",
    "unit_price": "$1.63/100g",
    "stock": "In stock",
    "points": ""
  },
  {
    "name": "Parsley Root",
    "price": "$5.99",
    "sale_price": "",
    "previous_price": "",
    "image_url": "https://assets.shop.loblaws.ca/products/20167477001/b3/en/front/20167477001_front_a06_@2.png",
    "link": "https://www.loblaws.ca/parsley-root/p/20167477001_EA?source=nspt",
    "brand": "",
    "package_size": "1 bunch",
    "unit_price": "$5.99/1ea",
    "stock": "In stock",
    "points": ""
  },
  {
    "name": "Pencil Hot Hot Peppers",
    "price": "$4.99",
    "sale_price": "",
    "previous_price": "",
    "image_url": "https://assets.shop.loblaws.ca/products/21454333001/b3/en/front/21454333001_front_a06_@2.png",
    "link": "https://www.loblaws.ca/pencil-hot-hot-peppers/p/21454333001_EA?source=nspt",
    "brand": "President's Choice",
    "package_size": "80 g",
    "unit_price": "$6.24/100g",
    "stock": "In stock",
    "points": ""
  },
  {
    "name": "Organics Sliced Portobello Mushrooms",
    "price": "$5.99",
    "sale_price": "",
    "previous_price": "",
    "image_url": "https://assets.shop.loblaws.ca/products/21005151/b3/en/front/21005151_front_a06_@2.png",
    "link": "https://www.loblaws.ca/organics-sliced-portobello-mushrooms/p/21005151_EA?source=nspt",
    "brand": "PC Organics",
    "package_size": "170 g",
    "unit_price": "$3.52/100g",
    "stock": "In stock",
    "points": ""
  },
  {
    "name": "Chinese Napa Cabbage",
    "price": "about $2.93",
    "sale_price": "",
    "previous_price": "",
    "image_url": "https://assets.shop.loblaws.ca/products/20015025001/b3/en/front/20015025001_front_a06_@2.png",
    "link": "https://www.loblaws.ca/chinese-napa-cabbage/p/20015025001_KG?source=nspt",
    "brand": "",
    "package_size": "$2.62/1kg",
    "unit_price": "$1.19/1lb",
    "stock": "In stock",
    "points": ""
  },
  {
    "name": "Red Cabbage",
    "price": "about $4.96",
    "sale_price": "",
    "previous_price": "",
    "image_url": "https://assets.shop.loblaws.ca/products/20773656001/b3/en/front/20773656001_front_a06_@2.png",
    "link": "https://www.loblaws.ca/red-cabbage/p/20773656001_KG?source=nspt",
    "brand": "",
    "package_size": "$3.73/1kg",
    "unit_price": "$1.69/1lb",
    "stock": "In stock",
    "points": ""
  },
  {
    "name": "Organics Sliced Cremini Mushrooms",
    "price": "$3.69",
    "sale_price": "",
    "previous_price": "",
    "image_url": "https://assets.shop.loblaws.ca/products/21005382/b3/en/front/21005382_front_a06_@2.png",
    "link": "https://www.loblaws.ca/organics-sliced-cremini-mushrooms/p/21005382_EA?source=nspt",
    "brand": "PC Organics",
    "package_size": "227 g",
    "unit_price": "$1.63/100g",
    "stock": "In stock",
    "points": ""
  },
  {
    "name": "White Yams",
    "price": "about $6.61",
    "sale_price": "",
    "previous_price": "",
    "image_url": "https://assets.shop.loblaws.ca/products/20034940001/b3/en/front/20034940001_front_a06_@2.png",
    "link": "https://www.loblaws.ca/white-yams/p/20034940001_KG?source=nspt",
    "brand": "",
    "package_size": "$13.21/1kg",
    "unit_price": "$5.99/1lb",
    "stock": "In stock",
    "points": ""
  },
  {
    "name": "Cassava",
    "price": "about $2.99",
    "sale_price": "",
    "previous_price": "",
    "image_url": "https://assets.shop.loblaws.ca/products/20087682001/b3/en/front/20087682001_front_a06_@2.png",
    "link": "https://www.loblaws.ca/cassava/p/20087682001_KG?source=nspt",
    "brand": "",
    "package_size": "$4.39/1kg",
    "unit_price": "$1.99/1lb",
    "stock": "In stock",
    "points": ""
  },
  {
    "name": "Watercress",
    "price": "$2.49",
    "sale_price": "",
    "previous_price": "",
    "image_url": "https://assets.shop.loblaws.ca/products/20143101001/b3/en/front/20143101001_front_a06_@2.png",
    "link": "https://www.loblaws.ca/watercress/p/20143101001_EA?source=nspt",
    "brand": "",
    "package_size": "1 bunch",
    "unit_price": "$2.49/1ea",
    "stock": "In stock",
    "points": ""
  },
  {
    "name": "Taro Root, Medium",
    "price": "about $17.97",
    "sale_price": "",
    "previous_price": "",
    "image_url": "https://assets.shop.loblaws.ca/products/20347167001/b3/en/front/20347167001_front_a06_@2.png",
    "link": "https://www.loblaws.ca/taro-root-medium/p/20347167001_KG?source=nspt",
    "brand": "",
    "package_size": "$13.21/1kg",
    "unit_price": "$5.99/1lb",
    "stock": "In stock",
    "points": ""
  },
  {
    "name": "Okra",
    "price": "$0.99",
    "sale_price": "",
    "previous_price": "",
    "image_url": "https://assets.shop.loblaws.ca/products/20091263001/b3/en/front/20091263001_front_a06_@2.png",
    "link": "https://www.loblaws.ca/okra/p/20091263001_KG?source=nspt",
    "brand": "",
    "package_size": "$9.90/1kg",
    "unit_price": "$4.49/1lb",
    "stock": "In stock",
    "points": ""
  },
  {
    "name": "Shanghai Bok Choy Jr.",
    "price": "about $3.29",
    "sale_price": "",
    "previous_price": "",
    "image_url": "https://assets.shop.loblaws.ca/products/20073098001/b3/en/front/20073098001_front_a06_@2.png",
    "link": "https://www.loblaws.ca/shanghai-bok-choy-jr/p/20073098001_KG?source=nspt",
    "brand": "",
    "package_size": "$5.49/1kg",
    "unit_price": "$2.49/1lb",
    "stock": "In stock",
    "points": ""
  },
  {
    "name": "Curry Leaf (1 pack)",
    "price": "$2.99",
    "sale_price": "",
    "previous_price": "",
    "image_url": "https://assets.shop.loblaws.ca/products/20866958001/b3/en/front/20866958001_front_a06_@2.png",
    "link": "https://www.loblaws.ca/curry-leaf-1-pack/p/20866958001_EA?source=nspt",
    "brand": "",
    "package_size": "60 g",
    "unit_price": "$4.98/100g",
    "stock": "In stock",
    "points": ""
  }
]
